2452 4186
1249 329 1373 390 358

411 495 727 572 Purasque
766 496 1107 564 connivebit
1154 500 1262 556 illa
1301 499 1582 577 pupulas,

417 580 631 642 Saevis
668 581 933 640 Achaeis
980 584 1339 660 vapulantes
1381 585 1567 643 Ionas

259 664 364 719 990
415 666 670 740 Videns‚
712 667 984 742 luporum
1025 676 1086 725 et
1129 669 1379 726 civicam
1422 676 1725 746 agrestum
1777 688 2014 727 necem.

414 748 670 824 Quando
715 751 988 810 camillus
1024 754 1300 828 publicus
1341 755 1558 812 flamen
1600 754 1843 828 cadens,

377 835 655 895 -Primus
693 845 938 913 tepente
983 848 1230 915 sparget
1268 855 1428 896 'aram
1475 840 1787 916 sanguine.

412 922 683 995 Itemque
725 939 876 980 saxa
917 922 1161 997 plurimi
1206 923 1547 996 Tullensia‚

409 1005 543 1063 Nec
588 1023 707 1070 non
742 1006 959 1063 marini
1004 1009 1358 1083 prominens
1402 1009 1544 1067 Lini
1577 1010 1801 1087 iugum,

255 1090 359 1144 995
406 1091 695 1168 Regnata
736 1091 987 1150 adibunt
1032 1111 1174 1152 arva
1213 1094 1453 1169 priscae
1497 1094 1814 1156 Amazoni.

410 1176 795 1253 Emancipati
836 1177 1096 1236 feminae
1142 1197 1353 1238 servae
1392 1179 1550 1255 iugo,

413 1260 606 1334 Quam
651 1260 1021 1320 servientem
1057 1271 1341 1322 strenuae
1385 1263 1638 1340 viragini

417 1345 647 1423 Vagam
685 1346 945 1422 repellet
984 1349 1145 1406 unda
1187 1349 1265 1406 ad
1309 1348 1586 1425 hospites
1636 1347 1829 1418 sinus,

409 1431 712 1508 Exculpta
756 1431 925 1491 cuius
961 1432 1316 1491 interemtae
1358 1433 1586 1490 lumina

259 1519 392 1580 1000
410 1517 567 1574 Leto
613 1523 863 1574 cruento
906 1518 1223 1576 mirionem
1271 1518 1509 1576 simium

414 1600 720 1673 Sternent‚
760 1602 966 1659 trifaci
1008 1604 1278 1662 saucium
1322 1603 1621 1679 longurio.

410 1685 795 1745 Crotoniatae
834 1687 1134 1746 civitatem
1181 1688 1421 1745 diruent

408 1772 759 1844 Amasonis,
802 1771 1015 1830 fortem
1058 1781 1348 1831 necantes
1393 1773 1686 1849 virginem
1815 1772 2166 1847 [Amazonis
2178 1775 2239 1850 ἓ]

412 1854 670 1928 Cletam‚
714 1856 1101 1930 imperantem
1152 1859 1386 1933 patriae
1430 1856 1800 1934 cognomini:
1856 1916 1863 1922 ,

258 1942 391 1995 1005
410 1941 491 1998 Et
531 1940 674 1998 inde
714 1949 935 1998 terram
974 1943 1272 2001 mordicus
1321 1961 1499 2017 quam
1538 1941 1775 2017 plurimi

410 2024 602 2083 Proni
643 2025 1041 2102 prehendent‚
1086 2046 1199 2084 nec
1244 2027 1559 2085 laboribus
1599 2027 1729 2084 sine

407 2110 762 2185 Lauret[a]e
805 2111 1033 2169 alumni
1078 2113 1321 2170 moenia
1358 2115 1702 2186 aequabunt
1742 2112 1892 2170 solo,

407 2194 533 2253 Alii
578 2195 899 2268 Terenam‚
947 2215 1066 2271 qua
1103 2198 1297 2256 fluens
1344 2197 1643 2257 Ocinarus

408 2281 705 2339 Recentat
747 2300 910 2353 arva,
953 2282 1228 2339 februam
1277 2291 1553 2341 eructans
1593 2300 1830 2356 aquam,

196 2425 200 2429 <
257 2367 391 2419 1010
408 2367 627 2424 Errore
668 2366 983 2424 lixabundi
1035 2375 1094 2424 et
1139 2368 1440 2425 aerumnis
1490 2367 1702 2425 colent.

412 2450 535 2511 Sed
583 2459 643 2508 et
687 2452 952 2509 secunda
994 2452 1173 2510 laude
1219 2452 1639 2527 pulcritudinis

408 2535 745 2608 Cluentem,
793 2544 853 2593 et
892 2536 1068 2595 almis
1110 2556 1189 2595 ex
1229 2538 1623 2614 Lycormaeis
1667 2535 1841 2611 aquis

405 2621 644 2678 Fortem
686 2640 1085 2696 asperumque
1128 2622 1317 2680 filium
1354 2621 1598 2698 Gorgae
1647 2621 1855 2678 ducem

406 2705 585 2763 Modo
631 2706 956 2782 Libyssam
998 2707 1257 2765 Thracia
1295 2709 1359 2765 in
1400 2715 1621 2765 terram
1660 2707 1856 2767 ferent

255 2796 387 2850 1015
407 2790 701 2864 Flabella‚
744 2791 928 2850 tentis
969 2791 1247 2850 involuta
1292 2792 1527 2851 linteis:

405 2875 588 2934 Modo
634 2895 710 2933 ex
756 2876 1025 2953 Libyssa
1063 2897 1274 2936 rursus
1322 2880 1544 2936 Auster
1588 2875 1866 2933 accidens

408 2961 481 3018 In
506 2960 854 3038 'Argyrinos
896 2980 1108 3019 versus
1153 2970 1211 3019 et
1254 2961 1554 3020 Ceraunia

403 3046 603 3119 Feret,
651 3046 891 3104 sonanti
934 3047 1171 3104 turbine
1213 3047 1514 3105 insultans
1562 3047 1731 3106 salo:
1777 3112 1782 3115 ,

405 3131 526 3190 Ubi
569 3130 764 3190 victus
810 3131 933 3190 illis
982 3132 1165 3189 durus
1214 3132 1619 3190 exantlabitur

254 3222 387 3274 1020
404 3215 718 3274 Lacmonii
755 3216 857 3291 qui
901 3218 1119 3274 flumen
1161 3218 1415 3276 Aeantis
1458 3218 1688 3275 bibunt.

409 3298 711 3376 Civesque
756 3301 958 3378 capiet
1003 3301 1244 3361 Crathis
1291 3321 1500 3360 omnes
1547 3298 1843 3360 Colchicis

404 3383 580 3443 Polis
618 3386 991 3462 propinquus
1035 3387 1455 3463 Mylacumque
1500 3386 1795 3456 terminis,

382 3466 817 3544 'Quoscunque
861 3473 1025 3533 misit
1065 3473 1478 3546 quaeritantes
1517 3472 1701 3529 filiam

401 3557 569 3614 Aeae
609 3563 670 3612 et
706 3552 1017 3628 Corintho,
1056 3575 1324 3633 sponsus
1369 3556 1624 3631 Eidyae.,
1672 3558 2004 3631 imperans,
