2452 4186
1092 318 1210 377 321

242 486 576 544 Menelaus.
655 485 830 545 Heus
858 494 918 543 te
943 488 1126 547 volo:
1165 488 1330 546 istud
1365 490 1644 548 manibus
1675 490 1895 552 efferas
1924 512 2070 554 cave

242 571 388 629 Tuis
430 571 717 630 cadaver:
765 589 968 629 verum
1011 586 1079 630 ut
1125 582 1240 645 est,
1287 575 1538 632 missum
1585 576 1737 633 face.

241 657 387 717 Teu.
480 654 681 728 Quoia
724 657 844 713 ista
887 659 1074 717 verba
1118 659 1431 717 funditasti
1469 661 1704 736 gratia?

237 743 397 799 Men.
477 742 690 799 Visum
735 742 902 814 mihi,
943 752 1004 801 et
1046 744 1142 800 cui
1186 752 1364 820 paret
1393 744 1530 820 ipse
1575 748 1897 813 exercitus.
2074 754 2209 808 1050

240 827 389 885 Teu.
482 826 658 900 Quod
703 845 924 884 nomen
964 829 1067 887 isti
1113 830 1203 885 rei
1248 830 1666 906 praetexitur?
1754 817 1760 826 ⁸

236 913 396 970 Men.
475 910 657 985 Quod
703 930 881 986 quem
920 914 1132 989 putavi
1178 914 1377 971 eduxe
1419 916 1618 990 patria
1658 917 1834 975 domo

235 998 510 1055 Amicum
554 996 827 1068 Achivis,
863 999 1074 1055 auxilii
1116 999 1438 1071 fidissumi‚

236 1081 600 1159 Deprensus
650 1081 755 1137 ille
797 1081 1143 1159 Phrygibus
1188 1092 1283 1142 est
1326 1085 1646 1143 inimicior.

239 1166 409 1226 Totis
459 1163 696 1224 stativis
733 1185 989 1241 namque
1030 1168 1287 1227 moliens
1333 1188 1543 1227 necem
2072 1170 2207 1225 1055

236 1252 713 1329 Impressionem
751 1260 953 1324 nocte,
997 1262 1062 1311 ut
1100 1254 1353 1326 occidat,
1398 1256 1562 1312 facit.

239 1337 415 1412 Quod
462 1337 525 1393 ni
570 1336 767 1393 Deum
810 1336 1030 1412 aliquis
1075 1339 1356 1413 impetum
1401 1341 1772 1413 intercepset
1807 1340 1986 1414 hunc,

239 1422 598 1482 Omnes-ad
642 1441 825 1478 unum
865 1442 974 1481 nos
1020 1423 1257 1498 quidem
1294 1424 1459 1483 illius
1504 1425 1695 1483 vicem

236 1507 620 1566 Internecivo
662 1507 875 1564 funere
921 1509 1192 1584 expositi
1236 1508 1403 1567 illico

235 1594 560 1664 Essemus,
622 1600 718 1650 ast
768 1594 819 1650 is
864 1593 1112 1651 viveret.
1158 1613 1366 1651 verum
1409 1593 1581 1652 Deus
2079 1595 2212 1649 1060

235 1677 528 1742 Hominis
571 1676 841 1734 furorem
881 1679 1098 1736 avertit
1144 1679 1208 1735 in
1252 1698 1465 1754 pecua,
1514 1687 1574 1735 et
1613 1697 1848 1755 greges.

233 1762 439 1821 Nemo
486 1780 631 1838 ergo
674 1763 858 1820 tantis
905 1763 1167 1821 viribus·
1178 1763 1418 1840 pollens
1461 1765 1646 1823 homo

236 1849 504 1919 Existat,
551 1846 722 1904 illum
769 1848 1026 1905 condere
1078 1857 1141 1905 ut
1186 1850 1418 1908 tumulo
1465 1850 1703 1906 audeat.

234 1934 559 1992 Proiectus
607 1933 829 1990 atenim
875 1935 1070 1992 flavae
1117 1952 1341 1991 arenae
1379 1935 1583 1992 littore

238 2017 735 2077 Circummarinis
781 2019 1066 2095 pabulum
1118 2019 1366 2077 alitibus
1417 2021 1563 2077 fuat.
2080 2028 2213 2085 1065

235 2103 336 2163 Ne
385 2104 465 2162 ad
510 2103 659 2160 haec
709 2098 1003 2180 superbos
1044 2105 1187 2163 tolle
1235 2107 1486 2163 nimium
1532 2105 1801 2181 spiritus·

235 2189 403 2249 Nam
452 2189 503 2247 si
545 2208 760 2247 manus
803 2190 890 2246 nil
927 2191 1121 2265 potuit
1157 2192 1221 2248 in
1259 2192 1460 2248 vivum
1506 2210 1665 2262 mea,

238 2276 314 2333 In
356 2282 659 2332 mortuum
703 2294 847 2350 ergo
892 2276 1128 2350 poterit.
1172 2276 1351 2333 etiam
1391 2275 1669 2351 ingratiis

239 2361 382 2419 Vim
426 2360 668 2431 faciam,
714 2360 814 2417 ubi
858 2359 912 2417 is
960 2379 1026 2416 se
1074 2378 1429 2434 comparare
1477 2359 1688 2430 noluit,

239 2446 584 2521 Praecepta
627 2445 800 2503 vivus
848 2452 913 2501 ut
964 2452 1316 2520 capesseret
1356 2463 1510 2501 mea.
2081 2455 2214 2511 1070

241 2530 623 2605 Quamquam
661 2529 812 2587 illud
852 2530 1039 2587 animi
1080 2537 1175 2587 est
1212 2529 1497 2604 improbi,
1535 2547 1668 2585 cum
1688 2526 1864 2603 plebs
1890 2527 2073 2584 homo

239 2616 470 2674 Parere
516 2615 602 2672 nil
644 2633 712 2672 se
750 2615 1025 2691 postulat
1067 2614 1436 2672 melioribus.

242 2699 408 2759 Nam
451 2709 663 2758 sancta
702 2701 835 2757 iura
879 2720 1201 2777 perperam
1248 2719 1318 2756 ac
1364 2699 1533 2776 leges
1580 2698 1785 2774 vigent

243 2787 319 2843 In
365 2786 539 2858 urbe,
585 2787 680 2843 cui
726 2806 851 2843 non
898 2795 1133 2844 constat
1176 2784 1459 2860 obsequii
1507 2783 1744 2841 modus„

244 2871 633 2945 Exercitique
676 2870 845 2929 nulla
887 2879 1028 2928 sunt
1070 2871 1510 2941 moderamina,
2084 2868 2215 2934 1075

246 2955 361 3015 Cui
402 2955 572 3013 nulla
611 2957 705 3015 vis
749 2964 843 3013 est
887 2975 999 3012 nec
1041 2957 1310 3032 pudoris,
1363 2974 1476 3012 nec
1519 2962 1735 3012 metus.

246 3041 371 3102 Sed
418 3041 474 3099 si
510 3041 644 3115 quis
695 3059 948 3116 usquam
996 3049 1091 3098 est
1129 3041 1284 3099 mole
1332 3047 1638 3098 crementa
1677 3047 1933 3112 artuum,

246 3128 310 3185 Is
356 3144 533 3183 ruere
580 3145 722 3184 sese
769 3134 975 3202 speret
1016 3135 1077 3183 et
1119 3127 1371 3184 minimo
1415 3125 1593 3182 ma10.

246 3211 411 3269 Nam
451 3211 555 3285 qui
596 3211 825 3270 timoris
867 3219 927 3268 et
965 3211 1217 3288 pudoris
1264 3229 1512 3287 compos
1560 3216 1674 3280 est,

248 3297 432 3354 Hunc
477 3315 658 3372 posse
702 3315 881 3370 spera
917 3296 1208 3371 sospitem
1255 3295 1611 3355 consistere.
2035 3344 2046 3353 ,
2085 3306 2219 3360 1080

251 3381 374 3442 Sed
422 3382 526 3440 ubi
570 3381 820 3438 licentia
864 3381 1058 3439 omnis
1101 3389 1195 3440 cst
1233 3381 1526 3438 iniuriae:

252 3466 428 3524 Tunc
469 3477 530 3524 et
573 3475 794 3525 statum
847 3467 1013 3524 urbis
1058 3466 1379 3542 postmodo
1416 3464 1660 3525 tandem
1702 3462 1867 3520 illius

254 3551 451 3611 Cursu
495 3572 527 3609 e
575 3552 838 3610 secundo
880 3570 1131 3628 pessum
1173 3551 1393 3608 iturum
1441 3548 1739 3609 existima.

1554 3645 1627 3704 21
