2452 4186
1059 322 1182 382 299

217 493 336 550 Aut
378 508 513 548 cum
554 490 632 549 iis
684 490 919 550 doloris
961 492 1136 568 paria
1180 492 1387 550 munia
1423 493 1682 567 exequi?

219 574 324 634 Ch.
409 575 586 650 Quod
629 574 990 651 duplicatur,
1028 577 1223 635 maius
1272 585 1385 648 est,
1430 578 1668 650 mulier,
1705 579 1947 637 malum.

216 660 359 718 Tec.
439 660 648 718 Morbo
688 678 986 733 caremus,
1033 670 1093 720 et
1130 662 1475 720 laboramus
1512 671 1737 721 tamen.
2091 712 2098 723 ,

218 744 326 805 Ch.
420 743 581 817 Quid
625 745 820 805 dicis?
860 748 1009 804 haec
1050 765 1147 806 me
1190 747 1374 806 dictio
1418 747 1675 806 incertat
1717 749 1932 827 magis.
2041 762 2145 816 270

218 831 361 889 Tec.
446 830 558 888 Vir
600 829 707 888 ille
749 832 964 909 morbo
1013 849 1147 889 cum
1193 840 1502 890 teneretur
1539 834 1735 910 gravi,

222 914 502 975 Gestibat
540 916 702 991 ipse,
744 934 861 990 qua
901 917 1310 991 premebatur,
1346 917 1468 989 lue,

227 1001 519 1078 Angebat·
555 1009 614 1059 et
657 1019 773 1058 nos
814 1002 1035 1059 mentis
1079 1002 1273 1077 impos
1319 1004 1706 1080 compotes[.]

217 1086 554 1160 Postquam
599 1085 849 1157 resedit,
897 1104 968 1143 ac
1012 1087 1239 1162 recepit
1281 1106 1350 1145 se
1395 1107 1434 1145 a
1474 1089 1673 1149 malo:

216 1171 292 1229 Et
336 1172 536 1230 maior
576 1171 747 1228 illum
789 1171 1008 1229 mentis
1046 1180 1293 1231 exercet
1325 1172 1515 1232 dolor.
2042 1189 2144 1242 275

216 1256 307 1317 Et.
333 1275 458 1313 non
504 1257 703 1314 minus
748 1275 863 1314 nos
913 1275 1071 1313 nunc
1112 1256 1388 1316 dolemus
1434 1275 1612 1331 quam
1656 1258 1846 1333 prius.

215 1340 362 1399 Non
408 1360 551 1418 ergo
598 1341 820 1416 simpla
861 1342 1032 1413 haec,
1073 1341 1258 1416 dupla
1293 1342 1386 1401 bis
1433 1349 1602 1401 tanto
1649 1341 1854 1399 mala?

220 1424 327 1484 ch.
417 1427 645 1483 Verum
686 1434 799 1497 est,
844 1426 1174 1502 fatemur[:]
1221 1445 1293 1484 ac
1333 1445 1628 1498 veremur,
1673 1446 1751 1484 ne
1797 1426 1999 1484 Deum

216 1510 497 1569 Incessat
538 1512 631 1569 ira
667 1512 855 1569 hunc:
901 1530 1043 1568 nam
1088 1511 1326 1570 levatur
1372 1532 1496 1569 non
1543 1513 1761 1589 magis,

217 1594 557 1655 Defunctus
602 1596 711 1653 illa
755 1603 953 1671 peste,
999 1615 1178 1671 quam
1228 1604 1552 1673 aegrotans
1595 1597 1784 1673 prius.
2042 1610 2146 1665 280

218 1681 361 1739 Tec.
454 1681 622 1759 Ergo
666 1681 938 1740 disertim
980 1681 1457 1739 commonendus
1504 1700 1571 1740 es
1616 1682 1783 1739 mihi.

220 1764 325 1824 ch.
412 1767 591 1823 Enim
641 1766 797 1824 unde
855 1767 1058 1842 coepit
1105 1767 1362 1843 gliscere
1387 1767 1553 1824 haec
1592 1767 1786 1825 moles
1834 1764 2001 1835 mali,

217 1850 346 1909 Nos
393 1851 802 1921 condolentes,
850 1862 909 1909 et
950 1859 1146 1909 metus
1186 1852 1392 1910 socios
1438 1851 1607 1909 doce.

220 1936 361 1994 Tec.
444 1937 610 2014 Ergo
657 1944 724 1993 ut
764 1936 994 1994 doloris
1042 1937 1272 2008 socius,
1318 1956 1559 1995 omnem
1604 1955 1732 1995 rem
1784 1943 1939 1994 tene.

217 2020 378 2080 Nam
424 2030 603 2080 nocte
646 2021 842 2097 prima
881 2022 1142 2078 nondum
1187 2022 1383 2079 adhuc
1424 2023 1785 2080 micantibus
2043 2037 2146 2092 285

218 2111 541 2165 Astrorum
584 2107 820 2179 ocellis,
866 2106 969 2163 ille
1015 2127 1208 2166 vanos
1253 2109 1470 2184 ancipe

218 2192 559 2253 Instructus
608 2193 785 2250 hasta
828 2199 1022 2249 tentat
1059 2194 1257 2251 exitus
1296 2212 1501 2252 ruens.

219 2277 350 2355 Ego
398 2278 647 2353 increpo
693 2276 1020 2336 hominem.
1065 2296 1205 2335 nam
1250 2278 1416 2352 quid,
1454 2279 1725 2353 inquam,
1764 2275 1998 2352 cogitas

218 2362 420 2421 Aiax?
465 2362 627 2437 quod
663 2362 818 2421 istuc
860 2360 1040 2418 itiner
1076 2362 1373 2418 incertum
1417 2381 1601 2437 paras

215 2447 405 2507 Nullo
454 2455 741 2506 evocatus
793 2447 1037 2517 nuncio,
1086 2453 1190 2503 aut
1235 2445 1383 2503 tuba
1428 2446 1683 2516 excitus·,
2042 2459 2148 2514 290

218 2531 369 2591 Cum
414 2532 689 2608 placidus
734 2550 946 2590 omnes
993 2530 1215 2588 mulcet
1260 2531 1323 2586 in
1372 2531 1588 2589 castris
1634 2528 1847 2605 sopor?

214 2617 403 2677 Brevi
445 2617 551 2675 ille
596 2617 757 2674 dicto
802 2616 1158 2692 insequitur,
1206 2623 1270 2672 at
1309 2615 1617 2693 vulgario:

213 2703 458 2775 Mulier,
504 2702 821 2760 mulierum
859 2721 1148 2759 ornamen
1189 2709 1284 2759 est
1330 2701 1655 2758 silentium.

211 2788 521 2846 Perculsit
558 2787 860 2845 animum:
910 2787 1243 2862 comprimo
1290 2805 1415 2844 me:
1464 2786 1569 2843 ille
1614 2784 1780 2842 exiit.

212 2873 443 2931 Verum
483 2873 625 2947 quid
668 2872 994 2930 intervenit
1035 2871 1300 2952 interibi,
1349 2872 1511 2929 haud
1551 2871 1700 2929 scio,
2043 2879 2145 2934 295

211 2957 389 3029 Post,
438 2957 837 3016 curvifrontes
878 2957 1065 3013 intrat
1103 2964 1409 3014 armentas
1455 2974 1666 3033 agens,

211 3045 536 3117 Mutasque
568 3042 858 3119 pecudes,
904 3049 1082 3115 atque
1129 3042 1407 3099 custodes
1455 3060 1659 3099 canes.

215 3127 376 3185 Hinc
421 3127 621 3204 capite
667 3134 923 3198 truncat,
964 3125 1106 3183 inde
1144 3127 1481 3202 resupinat,
1522 3133 1721 3196 necat,

215 3213 575 3290 Iugulatque
621 3212 940 3286 quaedam.
984 3212 1079 3268 his
1124 3211 1488 3287 compeditis
1530 3211 1805 3281 verbera,

219 3298 538 3374 Tanquam
577 3297 694 3355 viri
737 3298 880 3368 sint,
927 3315 1044 3352 non
1089 3314 1329 3372 greges,
1375 3315 1570 3371 usque
1617 3294 1868 3372 oggerit.
2043 3310 2148 3363 30⁰

216 3382 387 3441 Tunc
430 3383 640 3441 nescio
678 3382 841 3458 quod
884 3379 1121 3452 exiens,
1165 3388 1468 3454 spectrum
1515 3389 1806 3456 appetens

218 3467 576 3527 Orationem
618 3467 843 3524 duriter
882 3466 1058 3523 dictis
1102 3465 1268 3522 dedit

216 3551 288 3610 In
333 3553 646 3630 Ulyssem,
692 3553 961 3623 Atridas,
1004 3568 1324 3627 perperam
1371 3557 1430 3607 et
1479 3549 1848 3620 ioculariter,
