<?xml version="1.0" encoding="UTF-8"?>
<!DOCTYPE html PUBLIC "-//W3C//DTD XHTML 1.0 Transitional//EN"
    "http://www.w3.org/TR/xhtml1/DTD/xhtml1-transitional.dtd">
<html xmlns="http://www.w3.org/1999/xhtml" xml:lang="en" lang="en">
 <head>
  <title>
</title>
<meta http-equiv="Content-Type" content="text/html;charset=utf-8" />
  <meta name='ocr-system' content='tesseract 3.04.00' />
  <meta name='ocr-capabilities' content='ocr_page ocr_carea ocr_par ocr_line ocrx_word'/>
</head>
<body>
  <div class='ocr_page' id='page_1' title='image "./iosephiscaliger02scalgoog/iosephiscaliger02scalgoog_0237.png"; bbox 0 0 2452 4186; ppageno 0'>
   <div class='ocr_carea' id='block_1_1' title="bbox 1074 308 1197 374">
    <p class='ocr_par' dir='ltr' id='par_1_1' title="bbox 1074 308 1197 374">
     <span class='ocr_line' id='line_1_1' title="bbox 1074 308 1197 374; baseline 0.008 -4"><span class='ocrx_word' id='word_1_1' title='bbox 1074 308 1197 374; x_wconf 77' lang='lat'>235</span> 
     </span>
    </p>
   </div>
   <div class='ocr_carea' id='block_1_2' title="bbox 983 395 1288 403">
    <p class='ocr_par' dir='ltr' id='par_1_2' title="bbox 983 395 1288 403">
     <span class='ocr_line' id='line_1_2' title="bbox 983 395 1288 403; baseline 0 0"><span class='ocrx_word' id='word_1_2' title='bbox 983 395 1288 403; x_wconf 95' lang='lat' dir='ltr'> </span> 
     </span>
    </p>
   </div>
   <div class='ocr_carea' id='block_1_3' title="bbox 221 472 2044 3432">
    <p class='ocr_par' dir='ltr' id='par_1_3' title="bbox 221 472 2044 3432">
     <span class='ocr_line' id='line_1_3' title="bbox 311 472 1694 561; baseline 0.004 -27"><span class='ocrx_word' id='word_1_3' title='bbox 311 472 509 549; x_wconf 82' lang='grc' dir='ltr'>δίδου,</span> <span class='ocrx_word' id='word_1_4' title='bbox 554 472 630 537; x_wconf 85' lang='grc' dir='ltr'>τὰ</span> <span class='ocrx_word' id='word_1_5' title='bbox 680 474 1107 557; x_wconf 75' lang='grc' dir='ltr'>δυσβάστακτα</span> <span class='ocrx_word' id='word_1_6' title='bbox 1148 480 1257 558; x_wconf 83' lang='grc' dir='ltr'>τῆς</span> <span class='ocrx_word' id='word_1_7' title='bbox 1296 475 1495 559; x_wconf 79' lang='grc' dir='ltr'>ἀρχῆς</span> <span class='ocrx_word' id='word_1_8' title='bbox 1536 477 1694 561; x_wconf 84' lang='grc' dir='ltr'>βάρη</span> 
     </span>
     <span class='ocr_line' id='line_1_4' title="bbox 310 556 1790 666; baseline 0.003 -48"><span class='ocrx_word' id='word_1_9' title='bbox 310 556 587 619; x_wconf 78' lang='grc' dir='ltr'>δούλοισι</span> <span class='ocrx_word' id='word_1_10' title='bbox 628 562 884 635; x_wconf 77' lang='grc' dir='ltr'>πιστοῖς,</span> <span class='ocrx_word' id='word_1_11' title='bbox 924 560 981 621; x_wconf 80' lang='grc' dir='ltr'>τ’</span> <span class='ocrx_word' id='word_1_12' title='bbox 1027 561 1305 666; x_wconf 84' lang='grc' dir='ltr'>ἀσφαλὲς</span> <span class='ocrx_word' id='word_1_13' title='bbox 1344 564 1452 623; x_wconf 77' lang='grc' dir='ltr'>τοῦ</span> <span class='ocrx_word' id='word_1_14' title='bbox 1497 565 1610 624; x_wconf 79' lang='grc' dir='ltr'>σοῦ</span> <span class='ocrx_word' id='word_1_15' title='bbox 1652 563 1790 646; x_wconf 79' lang='grc' dir='ltr'>βιοῦ</span> 
     </span>
     <span class='ocr_line' id='line_1_5' title="bbox 310 642 1705 747; baseline 0.004 -44"><span class='ocrx_word' id='word_1_16' title='bbox 310 664 518 747; x_wconf 81' lang='grc' dir='ltr'>σαυτῳ</span> <span class='ocrx_word' id='word_1_17' title='bbox 555 642 724 726; x_wconf 80' lang='grc' dir='ltr'>μόνῳ</span> <span class='ocrx_word' id='word_1_18' title='bbox 769 643 870 725; x_wconf 85' lang='grc' dir='ltr'>δὴ,</span> <span class='ocrx_word' id='word_1_19' title='bbox 910 648 999 729; x_wconf 72' lang='grc' dir='ltr'>τῷ</span> <span class='ocrx_word' id='word_1_20' title='bbox 1039 645 1437 729; x_wconf 82' lang='grc' dir='ltr'>φιλαγρύπνιρ</span> <span class='ocrx_word' id='word_1_21' title='bbox 1481 668 1546 707; x_wconf 91' lang='grc' dir='ltr'>τε</span> <span class='ocrx_word' id='word_1_22' title='bbox 1595 650 1705 710; x_wconf 83' lang='lat'>006</span> 
     </span>
     <span class='ocr_line' id='line_1_6' title="bbox 305 725 1641 832; baseline 0.003 -45"><span class='ocrx_word' id='word_1_23' title='bbox 305 725 415 794; x_wconf 83' lang='grc' dir='ltr'>τὰς</span> <span class='ocrx_word' id='word_1_24' title='bbox 452 727 538 796; x_wconf 84' lang='grc' dir='ltr'>εἰς</span> <span class='ocrx_word' id='word_1_25' title='bbox 580 728 650 790; x_wconf 85' lang='grc' dir='ltr'>σὲ</span> <span class='ocrx_word' id='word_1_26' title='bbox 685 729 1153 832; x_wconf 80' lang='grc' dir='ltr'>προσδοκῶντος</span> <span class='ocrx_word' id='word_1_27' title='bbox 1203 730 1455 798; x_wconf 84' lang='grc' dir='ltr'>ἐλπίδας</span> <span class='ocrx_word' id='word_1_28' title='bbox 1494 732 1641 815; x_wconf 72' lang='grc' dir='ltr'>λεῷ.</span> 
     </span>
     <span class='ocr_line' id='line_1_7' title="bbox 306 810 1566 915; baseline 0.003 -43"><span class='ocrx_word' id='word_1_29' title='bbox 306 811 597 915; x_wconf 78' lang='grc' dir='ltr'>κράτους</span> <span class='ocrx_word' id='word_1_30' title='bbox 618 810 850 895; x_wconf 86' lang='grc' dir='ltr'>ὁμοίως</span> <span class='ocrx_word' id='word_1_31' title='bbox 894 810 1196 877; x_wconf 76' lang='grc' dir='ltr'>Κελτικοῦ</span> <span class='ocrx_word' id='word_1_32' title='bbox 1241 813 1314 876; x_wconf 84' lang='grc' dir='ltr'>τὰ</span> <span class='ocrx_word' id='word_1_33' title='bbox 1357 815 1566 897; x_wconf 80' lang='grc' dir='ltr'>καίρια</span> 
     </span>
     <span class='ocr_line' id='line_1_8' title="bbox 306 896 1670 1007; baseline 0.003 -51"><span class='ocrx_word' id='word_1_34' title='bbox 306 897 440 963; x_wconf 85' lang='grc' dir='ltr'>ταῖς</span> <span class='ocrx_word' id='word_1_35' title='bbox 490 898 622 964; x_wconf 84' lang='grc' dir='ltr'>σαῖς</span> <span class='ocrx_word' id='word_1_36' title='bbox 660 896 980 979; x_wconf 87' lang='grc' dir='ltr'>μεριμναις</span> <span class='ocrx_word' id='word_1_37' title='bbox 1018 899 1322 1007; x_wconf 83' lang='grc' dir='ltr'>ἀσφαλῶς</span> <span class='ocrx_word' id='word_1_38' title='bbox 1365 898 1670 1005; x_wconf 80' lang='grc' dir='ltr'>ἐπίτρεπε.</span> 
     </span>
     <span class='ocr_line' id='line_1_9' title="bbox 309 977 1716 1086; baseline 0.003 -45"><span class='ocrx_word' id='word_1_39' title='bbox 309 980 344 1041; x_wconf 90' lang='lat'>6</span> <span class='ocrx_word' id='word_1_40' title='bbox 358 977 624 1086; x_wconf 81' lang='grc' dir='ltr'>κόσμος</span> <span class='ocrx_word' id='word_1_41' title='bbox 662 982 701 1062; x_wconf 84' lang='grc' dir='ltr'>ἡ</span> <span class='ocrx_word' id='word_1_42' title='bbox 743 979 1023 1063; x_wconf 80' lang='grc' dir='ltr'>εὐγένειά</span> <span class='ocrx_word' id='word_1_43' title='bbox 1066 982 1115 1045; x_wconf 79' lang='grc' dir='ltr'>τ’</span> <span class='ocrx_word' id='word_1_44' title='bbox 1169 984 1429 1066; x_wconf 81' lang='grc' dir='ltr'>ἀλκίμου</span> <span class='ocrx_word' id='word_1_45' title='bbox 1472 981 1716 1068; x_wconf 87' lang='grc' dir='ltr'>πρόμου</span> 
     </span>
     <span class='ocr_line' id='line_1_10' title="bbox 307 1063 1385 1146; baseline 0.002 -20"><span class='ocrx_word' id='word_1_46' title='bbox 307 1063 378 1127; x_wconf 92' lang='grc' dir='ltr'>τό</span> <span class='ocrx_word' id='word_1_47' title='bbox 409 1064 468 1125; x_wconf 76' lang='grc' dir='ltr'>τ’</span> <span class='ocrx_word' id='word_1_48' title='bbox 522 1065 765 1146; x_wconf 77' lang='grc' dir='ltr'>ἀξίωμα</span> <span class='ocrx_word' id='word_1_49' title='bbox 802 1067 991 1129; x_wconf 84' lang='grc' dir='ltr'>καλὸν</span> <span class='ocrx_word' id='word_1_50' title='bbox 1042 1067 1385 1139; x_wconf 76' lang='grc' dir='ltr'>ἐξετάζεται</span> 
     </span>
     <span class='ocr_line' id='line_1_11' title="bbox 306 1148 1720 1235; baseline 0.001 -24"><span class='ocrx_word' id='word_1_51' title='bbox 306 1148 379 1211; x_wconf 81' lang='grc' dir='ltr'>ἐκ</span> <span class='ocrx_word' id='word_1_52' title='bbox 419 1154 528 1213; x_wconf 74' lang='grc' dir='ltr'>τοῦ</span> <span class='ocrx_word' id='word_1_53' title='bbox 576 1149 791 1251; x_wconf 82' lang='grc' dir='ltr'>δικαίῳ</span> <span class='ocrx_word' id='word_1_54' title='bbox 828 1151 1069 1214; x_wconf 75' lang='grc' dir='ltr'>πλείον’</span> <span class='ocrx_word' id='word_1_55' title='bbox 1110 1154 1150 1235; x_wconf 81' lang='grc' dir='ltr'><strong>ἢ</strong></span> <span class='ocrx_word' id='word_1_56' title='bbox 1198 1151 1449 1235; x_wconf 81' lang='grc' dir='ltr'>πλούτῳ</span> <span class='ocrx_word' id='word_1_57' title='bbox 1494 1151 1720 1233; x_wconf 84' lang='grc' dir='ltr'>νέμειν,</span> 
     </span>
     <span class='ocr_line' id='line_1_12' title="bbox 306 1211 1880 1341; baseline 0.001 -46"><span class='ocrx_word' id='word_1_58' title='bbox 306 1234 554 1341; x_wconf 85' lang='grc' dir='ltr'>βουλὴν</span> <span class='ocrx_word' id='word_1_59' title='bbox 578 1232 640 1294; x_wconf 74' lang='grc' dir='ltr'>τ’</span> <span class='ocrx_word' id='word_1_60' title='bbox 644 1211 933 1335; x_wconf 85' lang='grc' dir='ltr'>ἀρίστην</span> <span class='ocrx_word' id='word_1_61' title='bbox 980 1235 1219 1341; x_wconf 85' lang='grc' dir='ltr'>πρόσθε</span> <span class='ocrx_word' id='word_1_62' title='bbox 1261 1241 1378 1298; x_wconf 91' lang='grc' dir='ltr'>τῶν</span> <span class='ocrx_word' id='word_1_63' title='bbox 1424 1237 1642 1318; x_wconf 85' lang='grc' dir='ltr'>δώρων</span> <span class='ocrx_word' id='word_1_64' title='bbox 1692 1233 1880 1319; x_wconf 83' lang='grc' dir='ltr'>ἔχειν,</span> 
     </span>
     <span class='ocr_line' id='line_1_13' title="bbox 302 1314 2044 1424; baseline 0.003 -45"><span class='ocrx_word' id='word_1_65' title='bbox 302 1319 439 1424; x_wconf 81' lang='grc' dir='ltr'>ἥτις</span> <span class='ocrx_word' id='word_1_66' title='bbox 481 1319 554 1380; x_wconf 90' lang='grc' dir='ltr'>τά</span> <span class='ocrx_word' id='word_1_67' title='bbox 644 1314 923 1399; x_wconf 75' lang='grc' dir='ltr'>’ὀπίσω,</span> <span class='ocrx_word' id='word_1_68' title='bbox 972 1322 1046 1382; x_wconf 91' lang='grc' dir='ltr'>τά</span> <span class='ocrx_word' id='word_1_69' title='bbox 1086 1344 1151 1383; x_wconf 90' lang='grc' dir='ltr'>τε</span> <span class='ocrx_word' id='word_1_70' title='bbox 1198 1321 1316 1403; x_wconf 82' lang='grc' dir='ltr'>πρὸ</span> <span class='ocrx_word' id='word_1_71' title='bbox 1362 1324 1495 1395; x_wconf 76' lang='grc' dir='ltr'>τοῦ,</span> <span class='ocrx_word' id='word_1_72' title='bbox 1537 1319 1612 1381; x_wconf 84' lang='grc' dir='ltr'>τὰ</span> <span class='ocrx_word' id='word_1_73' title='bbox 1655 1323 1757 1381; x_wconf 80' lang='grc' dir='ltr'>νῦν</span> <span class='ocrx_word' id='word_1_74' title='bbox 1805 1320 1874 1382; x_wconf 73' lang='grc' dir='ltr'>θ’</span> <span class='ocrx_word' id='word_1_75' title='bbox 1908 1321 2044 1406; x_wconf 77' lang='grc' dir='ltr'>ὁρᾷ.</span> 
     </span>
     <span class='ocr_line' id='line_1_14' title="bbox 304 1340 1641 1510; baseline 0.001 -47"><span class='ocrx_word' id='word_1_76' title='bbox 304 1400 534 1506; x_wconf 42' lang='lat' dir='ltr'><em>v6pocn</em></span> <span class='ocrx_word' id='word_1_77' title='bbox 542 1340 630 1464; x_wconf 77' lang='grc' dir='ltr'>δὲ,τ</span> <span class='ocrx_word' id='word_1_78' title='bbox 652 1403 753 1463; x_wconf 80' lang='grc' dir='ltr'>καὶ</span> <span class='ocrx_word' id='word_1_79' title='bbox 796 1404 862 1466; x_wconf 85' lang='grc' dir='ltr'>τὸ</span> <span class='ocrx_word' id='word_1_80' title='bbox 904 1405 1387 1510; x_wconf 82' lang='grc' dir='ltr'>δυσπαραίτητον</span> <span class='ocrx_word' id='word_1_81' title='bbox 1424 1402 1641 1486; x_wconf 88' lang='grc' dir='ltr'>νόμου,</span> 
     </span>
     <span class='ocr_line' id='line_1_15' title="bbox 304 1485 1628 1573; baseline -0.001 -23"><span class='ocrx_word' id='word_1_82' title='bbox 304 1488 413 1550; x_wconf 77' lang='grc' dir='ltr'>καὶ</span> <span class='ocrx_word' id='word_1_83' title='bbox 459 1490 578 1549; x_wconf 92' lang='grc' dir='ltr'>τῶν</span> <span class='ocrx_word' id='word_1_84' title='bbox 620 1489 899 1551; x_wconf 88' lang='grc' dir='ltr'>παλαιῶν</span> <span class='ocrx_word' id='word_1_85' title='bbox 945 1488 1149 1573; x_wconf 88' lang='grc' dir='ltr'>κύριαι</span> <span class='ocrx_word' id='word_1_86' title='bbox 1199 1485 1373 1558; x_wconf 71' lang='grc' dir='ltr'>δόξαι</span> <span class='ocrx_word' id='word_1_87' title='bbox 1416 1491 1628 1572; x_wconf 83' lang='grc' dir='ltr'>σοφῶν</span> 
     </span>
     <span class='ocr_line' id='line_1_16' title="bbox 303 1570 1517 1678; baseline -0.002 -43"><span class='ocrx_word' id='word_1_88' title='bbox 303 1572 564 1635; x_wconf 76' lang='grc' dir='ltr'>ἕκαστον</span> <span class='ocrx_word' id='word_1_89' title='bbox 614 1570 969 1654; x_wconf 78' lang='grc' dir='ltr'>ἐντρέπουσι</span> <span class='ocrx_word' id='word_1_90' title='bbox 1012 1573 1286 1655; x_wconf 79' lang='grc' dir='ltr'>κοσμίως</span> <span class='ocrx_word' id='word_1_91' title='bbox 1326 1575 1517 1678; x_wconf 82' lang='grc' dir='ltr'>βιοῦν,</span> 
     </span>
     <span class='ocr_line' id='line_1_17' title="bbox 304 1655 1676 1763; baseline -0.001 -45"><span class='ocrx_word' id='word_1_92' title='bbox 304 1655 386 1718; x_wconf 81' lang='grc' dir='ltr'>τὰ</span> <span class='ocrx_word' id='word_1_93' title='bbox 430 1658 732 1738; x_wconf 84' lang='grc' dir='ltr'>συγγενῶν</span> <span class='ocrx_word' id='word_1_94' title='bbox 777 1679 842 1719; x_wconf 92' lang='grc' dir='ltr'>τε</span> <span class='ocrx_word' id='word_1_95' title='bbox 889 1657 1129 1742; x_wconf 82' lang='grc' dir='ltr'>χρηστὰ</span> <span class='ocrx_word' id='word_1_96' title='bbox 1175 1657 1676 1763; x_wconf 85' lang='grc' dir='ltr'>σωφρονίσματα,</span> 
     </span>
     <span class='ocr_line' id='line_1_18' title="bbox 300 1727 1848 1849; baseline 0.002 -48"><span class='ocrx_word' id='word_1_97' title='bbox 300 1737 379 1825; x_wconf 75' lang='grc' dir='ltr'>χ’</span> <span class='ocrx_word' id='word_1_98' title='bbox 423 1741 463 1822; x_wconf 78' lang='grc' dir='ltr'>ἡ</span> <span class='ocrx_word' id='word_1_99' title='bbox 509 1727 962 1804; x_wconf 81' lang='grc' dir='ltr'>νουθετούντων</span> <span class='ocrx_word' id='word_1_100' title='bbox 1007 1742 1250 1826; x_wconf 87' lang='grc' dir='ltr'>φροντὶς</span> <span class='ocrx_word' id='word_1_101' title='bbox 1296 1741 1585 1849; x_wconf 84' lang='grc' dir='ltr'>ἐντρεχὴς</span> <span class='ocrx_word' id='word_1_102' title='bbox 1630 1741 1848 1825; x_wconf 87' lang='grc' dir='ltr'>φίλων,</span> 
     </span>
     <span class='ocr_line' id='line_1_19' title="bbox 306 1825 1724 1929; baseline 0 -42"><span class='ocrx_word' id='word_1_103' title='bbox 306 1827 339 1887; x_wconf 94' lang='lat'>6</span> <span class='ocrx_word' id='word_1_104' title='bbox 401 1825 720 1907; x_wconf 78' lang='grc' dir='ltr'>δυσμενῶν</span> <span class='ocrx_word' id='word_1_105' title='bbox 762 1849 826 1888; x_wconf 90' lang='grc' dir='ltr'>τε</span> <span class='ocrx_word' id='word_1_106' title='bbox 866 1829 1221 1909; x_wconf 85' lang='grc' dir='ltr'>κατάγελως</span> <span class='ocrx_word' id='word_1_107' title='bbox 1263 1825 1339 1888; x_wconf 84' lang='grc' dir='ltr'>τὰ</span> <span class='ocrx_word' id='word_1_108' title='bbox 1394 1827 1724 1929; x_wconf 80' lang='grc' dir='ltr'>σφάλματα</span> 
     </span>
     <span class='ocr_line' id='line_1_20' title="bbox 301 1908 1941 2099; baseline 0.003 -44"><span class='ocrx_word' id='word_1_109' title='bbox 301 1912 431 2056; x_wconf 64' lang='grc' dir='ltr'>’ἑῗῖ</span> <span class='ocrx_word' id='word_1_110' title='bbox 455 1931 646 2068; x_wconf 54' lang='lat'><em>65²6?</em></span> <span class='ocrx_word' id='word_1_111' title='bbox 656 1909 1079 2099; x_wconf 50' lang='grc' dir='ltr'>δῖζέζῗσὶεέμὲ</span> <span class='ocrx_word' id='word_1_112' title='bbox 1080 1908 1728 2077; x_wconf 54' lang='grc' dir='ltr'>αἷέζῖζξῗέμῗὲλύὲ</span> <span class='ocrx_word' id='word_1_113' title='bbox 1676 1995 1728 2057; x_wconf 61' lang='grc' dir='ltr'>τ</span> <span class='ocrx_word' id='word_1_114' title='bbox 1785 1994 1941 2080; x_wconf 62' lang='grc' dir='ltr'>ἄκρα</span> 
     </span>
     <span class='ocr_line' id='line_1_21' title="bbox 959 2041 1963 2076; baseline 0.004 -5"><span class='ocrx_word' id='word_1_115' title='bbox 959 2042 978 2072; x_wconf 76' lang='grc'><strong><em>9</em></strong></span> <span class='ocrx_word' id='word_1_116' title='bbox 1523 2041 1541 2071; x_wconf 73' lang='lat'><em>9</em></span> <span class='ocrx_word' id='word_1_117' title='bbox 1945 2045 1963 2076; x_wconf 68' lang='lat'><em>5</em></span> 
     </span>
     <span class='ocr_line' id='line_1_22' title="bbox 303 2075 1578 2165; baseline 0.002 -25"><span class='ocrx_word' id='word_1_118' title='bbox 303 2075 523 2160; x_wconf 86' lang='grc' dir='ltr'>νόμοις</span> <span class='ocrx_word' id='word_1_119' title='bbox 565 2077 873 2163; x_wconf 77' lang='grc' dir='ltr'>πατρῴοις</span> <span class='ocrx_word' id='word_1_120' title='bbox 914 2081 988 2162; x_wconf 81' lang='grc' dir='ltr'>ἢν</span> <span class='ocrx_word' id='word_1_121' title='bbox 1038 2080 1262 2165; x_wconf 84' lang='grc' dir='ltr'>νέμεις,</span> <span class='ocrx_word' id='word_1_122' title='bbox 1309 2079 1578 2155; x_wconf 78' lang='grc' dir='ltr'>ἐξουσία,</span> 
     </span>
     <span class='ocr_line' id='line_1_23' title="bbox 303 2164 1740 2271; baseline 0.001 -46"><span class='ocrx_word' id='word_1_123' title='bbox 303 2164 409 2225; x_wconf 84' lang='grc' dir='ltr'>καὶ</span> <span class='ocrx_word' id='word_1_124' title='bbox 456 2167 564 2244; x_wconf 79' lang='grc' dir='ltr'>τῆς</span> <span class='ocrx_word' id='word_1_125' title='bbox 612 2164 907 2270; x_wconf 83' lang='grc' dir='ltr'>τεκούσης</span> <span class='ocrx_word' id='word_1_126' title='bbox 952 2167 1015 2227; x_wconf 81' lang='grc' dir='ltr'>αἱ</span> <span class='ocrx_word' id='word_1_127' title='bbox 1063 2166 1457 2271; x_wconf 75' lang='grc' dir='ltr'>φιλόστοργοι</span> <span class='ocrx_word' id='word_1_128' title='bbox 1492 2164 1740 2269; x_wconf 85' lang='grc' dir='ltr'>φρένες,</span> 
     </span>
     <span class='ocr_line' id='line_1_24' title="bbox 302 2245 1566 2334; baseline 0.003 -27"><span class='ocrx_word' id='word_1_129' title='bbox 302 2249 343 2330; x_wconf 86' lang='grc' dir='ltr'><strong>ἥ</strong></span> <span class='ocrx_word' id='word_1_130' title='bbox 386 2245 445 2308; x_wconf 79' lang='grc' dir='ltr'>τ’</span> <span class='ocrx_word' id='word_1_131' title='bbox 496 2246 887 2333; x_wconf 80' lang='grc' dir='ltr'>αὔταδέλφου</span> <span class='ocrx_word' id='word_1_132' title='bbox 932 2250 1286 2334; x_wconf 88' lang='grc' dir='ltr'>πιστόφρων</span> <span class='ocrx_word' id='word_1_133' title='bbox 1337 2249 1566 2331; x_wconf 84' lang='grc' dir='ltr'>ὁμιλία,</span> 
     </span>
     <span class='ocr_line' id='line_1_25' title="bbox 302 2333 1722 2439; baseline 0.001 -46"><span class='ocrx_word' id='word_1_134' title='bbox 302 2333 411 2394; x_wconf 85' lang='grc' dir='ltr'>καὶ</span> <span class='ocrx_word' id='word_1_135' title='bbox 452 2337 571 2393; x_wconf 88' lang='grc' dir='ltr'>τῶν</span> <span class='ocrx_word' id='word_1_136' title='bbox 616 2334 775 2394; x_wconf 88' lang='grc' dir='ltr'>λεῶν</span> <span class='ocrx_word' id='word_1_137' title='bbox 818 2335 856 2415; x_wconf 81' lang='grc' dir='ltr'>ἡ</span> <span class='ocrx_word' id='word_1_138' title='bbox 910 2336 1153 2439; x_wconf 89' lang='grc' dir='ltr'>φροντὶς</span> <span class='ocrx_word' id='word_1_139' title='bbox 1195 2334 1490 2415; x_wconf 79' lang='grc' dir='ltr'>εὐπειθὴς</span> <span class='ocrx_word' id='word_1_140' title='bbox 1534 2335 1722 2416; x_wconf 86' lang='grc' dir='ltr'>πάρα.</span> 
     </span>
     <span class='ocr_line' id='line_1_26' title="bbox 223 2416 1691 2525; baseline 0.004 -52"><span class='ocrx_word' id='word_1_141' title='bbox 223 2416 376 2495; x_wconf 86' lang='grc' dir='ltr'>πρὸς</span> <span class='ocrx_word' id='word_1_142' title='bbox 424 2421 532 2479; x_wconf 75' lang='grc' dir='ltr'>τοῦ</span> <span class='ocrx_word' id='word_1_143' title='bbox 577 2417 817 2479; x_wconf 88' lang='grc' dir='ltr'>τελείου</span> <span class='ocrx_word' id='word_1_144' title='bbox 859 2417 1171 2525; x_wconf 84' lang='grc' dir='ltr'>βασιλέως</span> <span class='ocrx_word' id='word_1_145' title='bbox 1213 2418 1317 2480; x_wconf 83' lang='grc' dir='ltr'>καὶ</span> <span class='ocrx_word' id='word_1_146' title='bbox 1362 2422 1691 2499; x_wconf 80' lang='grc' dir='ltr'>νητρεκοῦς</span> 
     </span>
     <span class='ocr_line' id='line_1_27' title="bbox 308 2497 1744 2606; baseline 0.001 -44"><span class='ocrx_word' id='word_1_147' title='bbox 308 2497 470 2563; x_wconf 82' lang='grc' dir='ltr'>ἔστιν</span> <span class='ocrx_word' id='word_1_148' title='bbox 519 2502 775 2584; x_wconf 80' lang='grc' dir='ltr'>φιλῆσαι</span> <span class='ocrx_word' id='word_1_149' title='bbox 818 2503 924 2586; x_wconf 89' lang='grc' dir='ltr'>τὴν</span> <span class='ocrx_word' id='word_1_150' title='bbox 966 2502 1158 2586; x_wconf 84' lang='grc' dir='ltr'>δικην,</span> <span class='ocrx_word' id='word_1_151' title='bbox 1219 2501 1367 2606; x_wconf 80' lang='grc' dir='ltr'>σάφ’</span> <span class='ocrx_word' id='word_1_152' title='bbox 1416 2499 1582 2562; x_wconf 78' lang='grc' dir='ltr'>οἷσθ’</span> <span class='ocrx_word' id='word_1_153' title='bbox 1633 2500 1744 2581; x_wconf 84' lang='grc' dir='ltr'>ὅτι,</span> 
     </span>
     <span class='ocr_line' id='line_1_28' title="bbox 309 2585 1633 2691; baseline -0.002 -44"><span class='ocrx_word' id='word_1_154' title='bbox 309 2585 494 2668; x_wconf 80' lang='grc' dir='ltr'>ῥύσαι</span> <span class='ocrx_word' id='word_1_155' title='bbox 539 2607 604 2646; x_wconf 87' lang='grc' dir='ltr'>τε</span> <span class='ocrx_word' id='word_1_156' title='bbox 647 2586 864 2691; x_wconf 85' lang='grc' dir='ltr'>πλήθη</span> <span class='ocrx_word' id='word_1_157' title='bbox 904 2592 1011 2670; x_wconf 79' lang='grc' dir='ltr'>τῆς</span> <span class='ocrx_word' id='word_1_158' title='bbox 1057 2585 1420 2670; x_wconf 81' lang='grc' dir='ltr'>ἐπειγούσης</span> <span class='ocrx_word' id='word_1_159' title='bbox 1466 2585 1633 2669; x_wconf 83' lang='grc' dir='ltr'>δύης,</span> 
     </span>
     <span class='ocr_line' id='line_1_29' title="bbox 306 2668 1921 2752; baseline 0 -20"><span class='ocrx_word' id='word_1_160' title='bbox 306 2668 586 2752; x_wconf 78' lang='grc' dir='ltr'>ἀγαθούς</span> <span class='ocrx_word' id='word_1_161' title='bbox 629 2670 738 2752; x_wconf 84' lang='grc' dir='ltr'>μὲν</span> <span class='ocrx_word' id='word_1_162' title='bbox 787 2671 1011 2752; x_wconf 73' lang='grc' dir='ltr'>αὔξειν,</span> <span class='ocrx_word' id='word_1_163' title='bbox 1052 2673 1155 2734; x_wconf 83' lang='grc' dir='ltr'>καὶ</span> <span class='ocrx_word' id='word_1_164' title='bbox 1198 2669 1624 2735; x_wconf 89' lang='grc' dir='ltr'>κολούσασθαι</span> <span class='ocrx_word' id='word_1_165' title='bbox 1674 2669 1921 2747; x_wconf 76' lang='grc' dir='ltr'>κακούς,</span> 
     </span>
     <span class='ocr_line' id='line_1_30' title="bbox 305 2753 1702 2857; baseline 0 -40"><span class='ocrx_word' id='word_1_166' title='bbox 305 2755 532 2857; x_wconf 83' lang='grc' dir='ltr'>κράτος</span> <span class='ocrx_word' id='word_1_167' title='bbox 573 2777 859 2839; x_wconf 80' lang='grc' dir='ltr'>πατρῳον</span> <span class='ocrx_word' id='word_1_168' title='bbox 904 2758 1010 2840; x_wconf 86' lang='grc' dir='ltr'>τήν</span> <span class='ocrx_word' id='word_1_169' title='bbox 1054 2780 1120 2819; x_wconf 87' lang='grc' dir='ltr'>τε</span> <span class='ocrx_word' id='word_1_170' title='bbox 1160 2761 1272 2839; x_wconf 80' lang='grc' dir='ltr'>γῆν</span> <span class='ocrx_word' id='word_1_171' title='bbox 1319 2753 1702 2831; x_wconf 76' lang='grc' dir='ltr'>ἐπαυξάνειν,</span> 
     </span>
     <span class='ocr_line' id='line_1_31' title="bbox 302 2837 1874 2948; baseline -0.001 -48"><span class='ocrx_word' id='word_1_172' title='bbox 302 2838 474 2902; x_wconf 77' lang='grc' dir='ltr'>τοῦτ’</span> <span class='ocrx_word' id='word_1_173' title='bbox 527 2837 603 2902; x_wconf 79' lang='grc' dir='ltr'>αὖ</span> <span class='ocrx_word' id='word_1_174' title='bbox 655 2842 993 2948; x_wconf 87' lang='grc' dir='ltr'>μονάρχην,</span> <span class='ocrx_word' id='word_1_175' title='bbox 1039 2843 1224 2924; x_wconf 83' lang='grc' dir='ltr'>δῆλον</span> <span class='ocrx_word' id='word_1_176' title='bbox 1275 2844 1358 2908; x_wconf 81' lang='grc' dir='ltr'>ὣς</span> <span class='ocrx_word' id='word_1_177' title='bbox 1394 2842 1573 2923; x_wconf 81' lang='grc' dir='ltr'>τηρεῖ</span> <span class='ocrx_word' id='word_1_178' title='bbox 1608 2838 1818 2922; x_wconf 80' lang='grc' dir='ltr'>μέγαν.</span> <span class='ocrx_word' id='word_1_179' title='bbox 1870 2890 1874 2899; x_wconf 83' lang='lat'>.</span> 
     </span>
     <span class='ocr_line' id='line_1_32' title="bbox 225 2920 1721 3008; baseline 0.002 -24"><span class='ocrx_word' id='word_1_180' title='bbox 225 2920 276 2983; x_wconf 82' lang='grc' dir='ltr'><em>ὦ</em></span> <span class='ocrx_word' id='word_1_181' title='bbox 317 2922 598 3007; x_wconf 79' lang='grc' dir='ltr'>πάνσοφ’</span> <span class='ocrx_word' id='word_1_182' title='bbox 603 2969 622 3000; x_wconf 95' lang='grc'>,</span> <span class='ocrx_word' id='word_1_183' title='bbox 660 2923 724 2986; x_wconf 79' lang='grc' dir='ltr'>εἴ</span> <span class='ocrx_word' id='word_1_184' title='bbox 764 2948 861 2987; x_wconf 93' lang='grc' dir='ltr'>σοι</span> <span class='ocrx_word' id='word_1_185' title='bbox 902 2923 1128 2989; x_wconf 80' lang='grc' dir='ltr'>Μοῦσα</span> <span class='ocrx_word' id='word_1_186' title='bbox 1166 2924 1480 3008; x_wconf 81' lang='grc' dir='ltr'>παρθένου</span> <span class='ocrx_word' id='word_1_187' title='bbox 1526 2923 1721 3006; x_wconf 82' lang='grc' dir='ltr'>μέλει,</span> 
     </span>
     <span class='ocr_line' id='line_1_33' title="bbox 306 3008 1540 3092; baseline -0.001 -21"><span class='ocrx_word' id='word_1_188' title='bbox 306 3008 483 3075; x_wconf 85' lang='grc' dir='ltr'>ἐλπὶς</span> <span class='ocrx_word' id='word_1_189' title='bbox 521 3010 589 3072; x_wconf 86' lang='grc' dir='ltr'>τὸ</span> <span class='ocrx_word' id='word_1_190' title='bbox 639 3009 851 3071; x_wconf 87' lang='grc' dir='ltr'>λοιπόν</span> <span class='ocrx_word' id='word_1_191' title='bbox 901 3009 1081 3085; x_wconf 87' lang='grc' dir='ltr'>ἐστιν,</span> <span class='ocrx_word' id='word_1_192' title='bbox 1122 3013 1208 3077; x_wconf 80' lang='grc' dir='ltr'>ὡς</span> <span class='ocrx_word' id='word_1_193' title='bbox 1254 3010 1472 3092; x_wconf 75' lang='grc' dir='ltr'>διάξομ</span> <span class='ocrx_word' id='word_1_194' title='bbox 1478 3032 1540 3071; x_wconf 88' lang='grc' dir='ltr'>αι</span> 
     </span>
     <span class='ocr_line' id='line_1_34' title="bbox 221 3091 1616 3202; baseline 0.001 -45"><span class='ocrx_word' id='word_1_195' title='bbox 221 3152 222 3157; x_wconf 73' lang='grc'>,</span> <span class='ocrx_word' id='word_1_196' title='bbox 304 3091 583 3156; x_wconf 76' lang='grc' dir='ltr'>κλέουσά</span> <span class='ocrx_word' id='word_1_197' title='bbox 635 3115 751 3176; x_wconf 91' lang='grc' dir='ltr'>μου</span> <span class='ocrx_word' id='word_1_198' title='bbox 807 3096 1132 3176; x_wconf 85' lang='grc' dir='ltr'>μολπαῖσιν</span> <span class='ocrx_word' id='word_1_199' title='bbox 1181 3093 1616 3202; x_wconf 82' lang='grc' dir='ltr'>ἐντονωτέραις</span> 
     </span>
     <span class='ocr_line' id='line_1_35' title="bbox 306 3176 1792 3262; baseline -0.001 -21"><span class='ocrx_word' id='word_1_200' title='bbox 306 3177 376 3241; x_wconf 87' lang='grc' dir='ltr'>τό</span> <span class='ocrx_word' id='word_1_201' title='bbox 423 3200 454 3239; x_wconf 93' lang='grc' dir='ltr'>τ</span> <span class='ocrx_word' id='word_1_202' title='bbox 465 3176 793 3261; x_wconf 87' lang='grc' dir='ltr'>ἐνάρετον</span> <span class='ocrx_word' id='word_1_203' title='bbox 837 3183 970 3252; x_wconf 79' lang='grc' dir='ltr'>σοῦ,</span> <span class='ocrx_word' id='word_1_204' title='bbox 1016 3179 1122 3261; x_wconf 87' lang='grc' dir='ltr'>τήν</span> <span class='ocrx_word' id='word_1_205' title='bbox 1167 3177 1221 3243; x_wconf 82' lang='grc' dir='ltr'>τ’</span> <span class='ocrx_word' id='word_1_206' title='bbox 1268 3178 1550 3261; x_wconf 83' lang='grc' dir='ltr'>ἀοίδιμον</span> <span class='ocrx_word' id='word_1_207' title='bbox 1594 3179 1792 3262; x_wconf 88' lang='grc' dir='ltr'>χάριν.</span> 
     </span>
     <span class='ocr_line' id='line_1_36' title="bbox 311 3261 1711 3369; baseline 0 -45"><span class='ocrx_word' id='word_1_208' title='bbox 311 3261 463 3325; x_wconf 74' lang='grc' dir='ltr'>ὥστ&gt;</span> <span class='ocrx_word' id='word_1_209' title='bbox 509 3262 597 3330; x_wconf 87' lang='grc' dir='ltr'>εἰς</span> <span class='ocrx_word' id='word_1_210' title='bbox 637 3263 705 3325; x_wconf 90' lang='grc' dir='ltr'>τὸ</span> <span class='ocrx_word' id='word_1_211' title='bbox 750 3262 975 3345; x_wconf 82' lang='grc' dir='ltr'>μέλλον</span> <span class='ocrx_word' id='word_1_212' title='bbox 1025 3264 1089 3325; x_wconf 83' lang='grc' dir='ltr'>αἱ</span> <span class='ocrx_word' id='word_1_213' title='bbox 1130 3261 1309 3369; x_wconf 81' lang='grc' dir='ltr'>κόραι</span> <span class='ocrx_word' id='word_1_214' title='bbox 1319 3261 1711 3369; x_wconf 84' lang='grc' dir='ltr'>Πικταβίδες</span> 
     </span>
     <span class='ocr_line' id='line_1_37' title="bbox 307 3343 1775 3432; baseline 0 -23"><span class='ocrx_word' id='word_1_215' title='bbox 307 3349 462 3432; x_wconf 83' lang='grc' dir='ltr'>πρὸς</span> <span class='ocrx_word' id='word_1_216' title='bbox 503 3343 775 3414; x_wconf 88' lang='grc' dir='ltr'>Κλάνιος</span> <span class='ocrx_word' id='word_1_217' title='bbox 819 3346 1037 3432; x_wconf 84' lang='grc' dir='ltr'>ὄχθαις</span> <span class='ocrx_word' id='word_1_218' title='bbox 1085 3345 1254 3431; x_wconf 74' lang='grc' dir='ltr'>μόρι’</span> <span class='ocrx_word' id='word_1_219' title='bbox 1303 3345 1552 3432; x_wconf 78' lang='grc' dir='ltr'>ᾅσονται</span> <span class='ocrx_word' id='word_1_220' title='bbox 1598 3346 1775 3429; x_wconf 83' lang='grc' dir='ltr'>μέλη.</span> 
     </span>
    </p>
   </div>
   <div class='ocr_carea' id='block_1_4' title="bbox 397 3443 2049 3588">
    <p class='ocr_par' dir='ltr' id='par_1_4' title="bbox 397 3443 2049 3566">
     <span class='ocr_line' id='line_1_38' title="bbox 397 3443 2049 3511; baseline 0 -15"><span class='ocrx_word' id='word_1_221' title='bbox 397 3446 531 3496; x_wconf 80' lang='lat' dir='ltr'><strong>Fere</strong></span> <span class='ocrx_word' id='word_1_222' title='bbox 578 3446 645 3496; x_wconf 78' lang='lat' dir='ltr'>ad</span> <span class='ocrx_word' id='word_1_223' title='bbox 694 3445 910 3497; x_wconf 84' lang='lat' dir='ltr'>verbum</span> <span class='ocrx_word' id='word_1_224' title='bbox 948 3461 1016 3496; x_wconf 84' lang='lat' dir='ltr'>ex</span> <span class='ocrx_word' id='word_1_225' title='bbox 1053 3445 1378 3511; x_wconf 77' lang='lat' dir='ltr'>autographo</span> <span class='ocrx_word' id='word_1_226' title='bbox 1416 3443 1685 3495; x_wconf 78' lang='lat' dir='ltr'>Gallicano</span> <span class='ocrx_word' id='word_1_227' title='bbox 1732 3446 1897 3511; x_wconf 74' lang='lat' dir='ltr'>ipsius</span> <span class='ocrx_word' id='word_1_228' title='bbox 1924 3459 2049 3509; x_wconf 76' lang='lat' dir='ltr'>poe-</span> 
     </span>
     <span class='ocr_line' id='line_1_39' title="bbox 525 3510 1704 3588; baseline 0.001 -25"><span class='ocrx_word' id='word_1_229' title='bbox 525 3514 653 3564; x_wconf 78' lang='lat' dir='ltr'><strong>triae</strong></span> <span class='ocrx_word' id='word_1_230' title='bbox 690 3515 756 3563; x_wconf 70' lang='lat' dir='ltr'>ad</span> <span class='ocrx_word' id='word_1_231' title='bbox 796 3529 892 3564; x_wconf 83' lang='lat' dir='ltr'>nos</span> <span class='ocrx_word' id='word_1_232' title='bbox 934 3516 1000 3565; x_wconf 81' lang='lat' dir='ltr'>ab</span> <span class='ocrx_word' id='word_1_233' title='bbox 1038 3531 1101 3566; x_wconf 81' lang='lat' dir='ltr'>ea</span> <span class='ocrx_word' id='word_1_234' title='bbox 1138 3531 1319 3566; x_wconf 74' lang='lat' dir='ltr'>meso.</span> <span class='ocrx_word' id='word_1_235' title='bbox 1354 3513 1514 3564; x_wconf 81' lang='lat' dir='ltr'>Anno</span> <span class='ocrx_word' id='word_1_236' title='bbox 1554 3510 1704 3588; x_wconf 82' lang='grc'>1578.</span> 
     </span>
    </p>
   </div>
  </div>
 </body>
</html>
