2452 4186
1033 305 1155 364 267

762 468 856 549 Νὴ
904 472 1012 552 τὴν
1060 471 1425 553 νηέαμέναν.
1819 475 2010 552 ζ(10)

204 556 295 620 Sic
335 559 481 617 mihi
524 558 803 616 caeruleo
850 560 1055 617 faveat
1092 560 1300 618 Venus
1346 569 1475 617 orta
1511 560 1838 637 profundo,

273 644 352 704 Ut
394 643 593 703 mollis
638 643 812 702 molli
855 645 1141 721 proditur·
1173 664 1274 703 ore
1319 664 1451 703 suo.

736 806 946 877 Ἐντὸς
985 810 1137 892 ἐμῆς
1174 811 1446 893 κραδίης.
1816 815 2010 892 ζ(11)

198 897 278 956 Te
322 897 543 956 dudum
588 898 749 955 vitae
792 898 998 969 vitam,
1047 898 1399 958 doctissima
1440 900 1607 957 fandi

270 981 631 1067 Heliodora,
679 1001 812 1040 meo
849 992 1097 1059 pectore
1141 984 1396 1060 sculpsit
1435 988 1642 1044 Amor.

806 1146 1054 1211 Βοίδιον
1101 1148 1404 1232 αὐλητρίς.
1817 1151 2010 1235 ζ(ί’2)

197 1235 244 1294 Ο
282 1212 513 1309 VenuS,
562 1236 871 1309 emeritae,
911 1237 1161 1294 tibicina
1201 1237 1481 1296 Boedion
1531 1247 1707 1312 atque

268 1319 543 1397 Pythias,
594 1322 705 1380 has
749 1341 962 1394 zonas,
1016 1323 1127 1379 has
1173 1323 1533 1398 tabulasque
1577 1325 1706 1382 tibi.

194 1402 434 1464 Institor
479 1415 538 1464 et
583 1415 904 1479 mereator,
953 1415 1012 1463 et
1057 1407 1216 1464 unde
1263 1409 1412 1466 haec
1454 1409 1717 1484 cingula,
1764 1417 1825 1465 et
1850 1409 2007 1466 unde

268 1489 400 1548 Hae
444 1491 709 1564 tabulae,
756 1492 956 1568 potuit
993 1492 1148 1550 scire
1193 1511 1482 1551 crumena
1520 1502 1643 1550 tua.

734 1655 1121 1720 Ἀνῦοὸἷαιτε
1166 1658 1446 1738 μέλισσα.
1817 1661 2009 1738 ζ(13)

198 1739 417 1802 Cthrix
457 1745 627 1803 floris
670 1746 827 1821 apis,
876 1766 977 1804 cur
1018 1748 1249 1806 artibus
1294 1747 1670 1805 Heliodorae

269 1828 572 1902 Insidens,
621 1838 797 1889 natas
843 1851 985 1889 vere
1031 1833 1323 1905 relinquis
1362 1831 1560 1909 opes?

198 1913 355 1971 Anne
400 1916 519 1973 hoe
568 1916 898 1992 significas,
943 1919 1106 1991 quod
1150 1917 1350 1974 dulcia
1392 1916 1557 1975 fellis
1609 1916 1800 1973 amari

273 1996 460 2057 Corde
499 2002 610 2058 sub
650 2001 838 2060 infido
881 2003 1115 2078 spicula
1153 2003 1401 2061 Amoris
1454 2000 1682 2059 habet?

199 2083 357 2142 Anne
407 2086 519 2142 hoe
565 2086 916 2163 significas?
961 2088 1080 2147 hoe
1121 2089 1209 2146 sic
1256 2097 1369 2159 est,
1417 2096 1483 2145 ut
1521 2096 1690 2162 puto,
1746 2086 1833 2145 sie
1875 2095 1968 2147 est

270 2169 415 2228 Hoc.
461 2172 571 2230 sed
615 2173 733 2230 abi.
774 2173 895 2232 iam
942 2182 1039 2233 sat
1081 2175 1360 2232 novimus
1405 2173 1585 2231 istud.
1634 2173 1752 2230 abi.

646 2334 772 2398 Καὶ
813 2340 956 2419 πυρὶ
1002 2340 1102 2400 καὶ
1143 2343 1374 2418 νιφετῷ
1420 2342 1528 2417 ns(
1815 2342 2008 2417 104)

197 2421 283 2479 Me
325 2425 486 2496 nive,
536 2444 632 2483 me
678 2427 962 2499 flammis,
1007 2446 1103 2483 me
1149 2426 1420 2483 fulminis
1467 2426 1606 2501 igne
1647 2426 1921 2485 lacesse:

267 2507 381 2565 Per
421 2510 584 2587 iuga,
629 2531 741 2587 per
778 2512 937 2569 freta
977 2531 1094 2582 me,
1155 2511 1208 2569 si
1246 2510 1436 2581 lubet,
1485 2511 1609 2568 alta
1651 2511 1839 2568 trahe.

196 2588 317 2649 Non
356 2595 594 2666 vinear3
638 2616 776 2653 nam
824 2598 941 2678 qui
970 2596 1181 2672 rapido
1223 2602 1486 2653 torretur
1524 2615 1751 2668 amore,

230 2676 401 2737 Non
438 2688 620 2755 queat
666 2682 917 2755 infesto,
963 2702 1095 2740 eum
1140 2689 1335 2752 tonat,
1377 2681 1518 2758 igne
1563 2680 1706 2756 peti.

990 2769 1197 2825 Aliter.

192 2847 279 2905 Me
320 2850 480 2922 nive,
523 2868 618 2906 me
662 2850 927 2924 flamma,
967 2872 1087 2925 me,
1133 2853 1184 2910 si
1234 2852 1402 2921 libet,
1446 2850 1672 2927 impete
1715 2869 1887 2908 sacro

265 2933 559 2993 Fulmine.
606 2955 717 3011 per
754 2955 1071 3012 praeceps,
1123 2956 1235 3014 per
1281 2937 1474 2993 maria
1512 2936 1639 2993 alta
1675 2955 1839 3011 rape.

192 3016 542 3095 Depositum
588 3021 770 3093 curiS,
819 3022 1229 3096 domitumque
1282 3020 1582 3097 Cupidine
1626 3039 1808 3078 saevo

263 3104 534 3163 Flamma
579 3124 690 3163 nec
729 3124 766 3162 a
807 3123 1040 3165 summo
1088 3107 1283 3164 missa
1326 3107 1612 3164 Tonante
1657 3105 1866 3181 quatit.

681 3266 765 3332 Τὸ
811 3271 1045 3354 σκύφος
1082 3270 1200 3350 ἢὸυ
1250 3271 1497 3351 γέγηθε.
1817 3274 2006 3351 ζ(15)

192 3351 377 3415 Suave
409 3359 666 3430 renidet,
730 3367 788 3416 et
827 3361 944 3417 hoc
986 3380 1109 3417 uno
1148 3378 1214 3417 se
1260 3359 1508 3417 nomine
1546 3358 1751 3431 iactat,

265 3442 598 3521 Zenophile
636 3443 900 3501 admovit
941 3445 1100 3520 quod
1141 3444 1258 3502 sibi
1301 3443 1496 3515 labra,
1544 3443 1724 3501 calix.

193 3524 241 3584 O
290 3530 340 3586 si
385 3528 606 3587 ductim
655 3530 917 3587 animam
959 3538 1234 3589 nostram
1278 3528 1460 3588 simul
1502 3529 1705 3586 ebibat
1746 3530 1905 3604 ipsa,
