<?xml version="1.0" encoding="UTF-8"?>
<!DOCTYPE html PUBLIC "-//W3C//DTD XHTML 1.0 Transitional//EN"
    "http://www.w3.org/TR/xhtml1/DTD/xhtml1-transitional.dtd">
<html xmlns="http://www.w3.org/1999/xhtml" xml:lang="en" lang="en">
 <head>
  <title>
</title>
<meta http-equiv="Content-Type" content="text/html;charset=utf-8" />
  <meta name='ocr-system' content='tesseract 3.04.00' />
  <meta name='ocr-capabilities' content='ocr_page ocr_carea ocr_par ocr_line ocrx_word'/>
</head>
<body>
  <div class='ocr_page' id='page_1' title='image "./iosephiscaliger02scalgoog/iosephiscaliger02scalgoog_0035.png"; bbox 0 0 2452 4186; ppageno 0'>
   <div class='ocr_carea' id='block_1_1' title="bbox 1116 294 1197 353">
    <p class='ocr_par' dir='ltr' id='par_1_1' title="bbox 1116 294 1197 353">
     <span class='ocr_line' id='line_1_1' title="bbox 1116 294 1197 353; baseline -0.025 0"><span class='ocrx_word' id='word_1_1' title='bbox 1116 294 1197 353; x_wconf 82' lang='lat'>33</span> 
     </span>
    </p>
   </div>
   <div class='ocr_carea' id='block_1_2' title="bbox 1004 377 1309 389">
    <p class='ocr_par' dir='ltr' id='par_1_2' title="bbox 1004 377 1309 389">
     <span class='ocr_line' id='line_1_2' title="bbox 1004 377 1309 389; baseline 0 0"><span class='ocrx_word' id='word_1_2' title='bbox 1004 377 1309 389; x_wconf 95' lang='lat' dir='ltr'> </span> 
     </span>
    </p>
   </div>
   <div class='ocr_carea' id='block_1_3' title="bbox 233 461 2055 3000">
    <p class='ocr_par' dir='ltr' id='par_1_3' title="bbox 323 461 1678 541">
     <span class='ocr_line' id='line_1_3' title="bbox 323 461 1678 541; baseline 0.005 -25"><span class='ocrx_word' id='word_1_3' title='bbox 323 461 404 517; x_wconf 90' lang='lat' dir='ltr'>Et</span> <span class='ocrx_word' id='word_1_4' title='bbox 445 478 672 517; x_wconf 88' lang='lat' dir='ltr'>vacuae</span> <span class='ocrx_word' id='word_1_5' title='bbox 711 479 751 517; x_wconf 90' lang='lat' dir='ltr'>a</span> <span class='ocrx_word' id='word_1_6' title='bbox 793 461 965 518; x_wconf 91' lang='lat' dir='ltr'>nobis</span> <span class='ocrx_word' id='word_1_7' title='bbox 1014 464 1190 540; x_wconf 85' lang='lat' dir='ltr'>exige</span> <span class='ocrx_word' id='word_1_8' title='bbox 1233 464 1453 522; x_wconf 88' lang='lat' dir='ltr'>mentis</span> <span class='ocrx_word' id='word_1_9' title='bbox 1502 485 1678 541; x_wconf 88' lang='lat' dir='ltr'>opus.</span> 
     </span>
    </p>

    <p class='ocr_par' dir='ltr' id='par_1_4' title="bbox 242 547 1990 704">
     <span class='ocr_line' id='line_1_4' title="bbox 242 547 1990 626; baseline 0.003 -22"><span class='ocrx_word' id='word_1_10' title='bbox 242 547 338 604; x_wconf 86' lang='lat' dir='ltr'>Me</span> <span class='ocrx_word' id='word_1_11' title='bbox 382 547 551 604; x_wconf 88' lang='lat' dir='ltr'>iuvat</span> <span class='ocrx_word' id='word_1_12' title='bbox 589 563 846 603; x_wconf 85' lang='lat' dir='ltr'>exorare</span> <span class='ocrx_word' id='word_1_13' title='bbox 890 548 1123 604; x_wconf 84' lang='lat' dir='ltr'>malum·</span> <span class='ocrx_word' id='word_1_14' title='bbox 1165 549 1314 606; x_wconf 81' lang='lat' dir='ltr'>hoc:</span> <span class='ocrx_word' id='word_1_15' title='bbox 1357 550 1573 623; x_wconf 88' lang='lat' dir='ltr'>quibus</span> <span class='ocrx_word' id='word_1_16' title='bbox 1615 551 1723 607; x_wconf 90' lang='lat' dir='ltr'>illa</span> <span class='ocrx_word' id='word_1_17' title='bbox 1761 551 1990 626; x_wconf 84' lang='lat' dir='ltr'><strong>pianda</strong></span> 
     </span>
     <span class='ocr_line' id='line_1_5' title="bbox 324 631 1551 704; baseline -0.001 -13"><span class='ocrx_word' id='word_1_18' title='bbox 324 631 630 691; x_wconf 83' lang='lat' dir='ltr'>Auxiliis:</span> <span class='ocrx_word' id='word_1_19' title='bbox 673 649 787 704; x_wconf 92' lang='lat' dir='ltr'>quo</span> <span class='ocrx_word' id='word_1_20' title='bbox 834 631 915 689; x_wconf 91' lang='lat' dir='ltr'>sit</span> <span class='ocrx_word' id='word_1_21' title='bbox 958 641 1088 690; x_wconf 90' lang='lat' dir='ltr'>ture</span> <span class='ocrx_word' id='word_1_22' title='bbox 1127 632 1361 690; x_wconf 90' lang='lat' dir='ltr'>litanda</span> <span class='ocrx_word' id='word_1_23' title='bbox 1405 634 1551 690; x_wconf 90' lang='lat' dir='ltr'>mihi</span> 
     </span>
    </p>

    <p class='ocr_par' dir='ltr' id='par_1_5' title="bbox 241 715 1929 877">
     <span class='ocr_line' id='line_1_6' title="bbox 241 715 1929 799; baseline 0.004 -25"><span class='ocrx_word' id='word_1_24' title='bbox 241 715 741 790; x_wconf 87' lang='lat' dir='ltr'>(Formidandum</span> <span class='ocrx_word' id='word_1_25' title='bbox 787 717 985 793; x_wconf 80' lang='lat' dir='ltr'>aegris</span> <span class='ocrx_word' id='word_1_26' title='bbox 1036 726 1214 792; x_wconf 87' lang='lat' dir='ltr'>atque</span> <span class='ocrx_word' id='word_1_27' title='bbox 1251 718 1634 793; x_wconf 82' lang='lat' dir='ltr'>implacabile</span> <span class='ocrx_word' id='word_1_28' title='bbox 1678 723 1929 799; x_wconf 89' lang='lat' dir='ltr'>numen)</span> 
     </span>
     <span class='ocr_line' id='line_1_7' title="bbox 323 800 1692 877; baseline 0.002 -17"><span class='ocrx_word' id='word_1_29' title='bbox 323 801 464 860; x_wconf 90' lang='lat' dir='ltr'>Una</span> <span class='ocrx_word' id='word_1_30' title='bbox 508 801 703 858; x_wconf 86' lang='lat' dir='ltr'>tribus</span> <span class='ocrx_word' id='word_1_31' title='bbox 745 800 946 859; x_wconf 86' lang='lat' dir='ltr'>Furiis</span> <span class='ocrx_word' id='word_1_32' title='bbox 992 802 1196 859; x_wconf 85' lang='lat' dir='ltr'>addita</span> <span class='ocrx_word' id='word_1_33' title='bbox 1239 811 1454 877; x_wconf 88' lang='lat' dir='ltr'>quarta</span> <span class='ocrx_word' id='word_1_34' title='bbox 1495 823 1692 863; x_wconf 89' lang='lat' dir='ltr'>soror.</span> 
     </span>
    </p>

    <p class='ocr_par' dir='ltr' id='par_1_6' title="bbox 239 884 1875 1050">
     <span class='ocr_line' id='line_1_8' title="bbox 239 884 1875 965; baseline 0.005 -23"><span class='ocrx_word' id='word_1_35' title='bbox 239 884 392 944; x_wconf 83' lang='lat' dir='ltr'><strong>Post</strong></span> <span class='ocrx_word' id='word_1_36' title='bbox 433 884 731 945; x_wconf 90' lang='lat' dir='ltr'>subducta</span> <span class='ocrx_word' id='word_1_37' title='bbox 769 886 918 962; x_wconf 91' lang='lat' dir='ltr'>polo</span> <span class='ocrx_word' id='word_1_38' title='bbox 966 888 1258 945; x_wconf 90' lang='lat' dir='ltr'>caelestia</span> <span class='ocrx_word' id='word_1_39' title='bbox 1297 889 1533 946; x_wconf 92' lang='lat' dir='ltr'>semina</span> <span class='ocrx_word' id='word_1_40' title='bbox 1575 891 1875 965; x_wconf 85' lang='lat' dir='ltr'>flammae,</span> 
     </span>
     <span class='ocr_line' id='line_1_9' title="bbox 320 970 1762 1050; baseline 0.005 -23"><span class='ocrx_word' id='word_1_41' title='bbox 320 973 520 1044; x_wconf 87' lang='lat' dir='ltr'>Atque</span> <span class='ocrx_word' id='word_1_42' title='bbox 560 970 978 1029; x_wconf 75' lang='lat' dir='ltr'>‚Prometheae</span> <span class='ocrx_word' id='word_1_43' title='bbox 1026 975 1275 1030; x_wconf 88' lang='lat' dir='ltr'>conscia</span> <span class='ocrx_word' id='word_1_44' title='bbox 1320 974 1480 1031; x_wconf 85' lang='lat' dir='ltr'>furta</span> <span class='ocrx_word' id='word_1_45' title='bbox 1521 993 1762 1050; x_wconf 89' lang='lat' dir='ltr'>manus,</span> 
     </span>
    </p>

    <p class='ocr_par' dir='ltr' id='par_1_7' title="bbox 238 1055 1736 1216">
     <span class='ocr_line' id='line_1_10' title="bbox 238 1055 1736 1134; baseline 0.004 -21"><span class='ocrx_word' id='word_1_46' title='bbox 238 1055 444 1113; x_wconf 90' lang='lat' dir='ltr'>Prima</span> <span class='ocrx_word' id='word_1_47' title='bbox 488 1056 831 1132; x_wconf 82' lang='lat' dir='ltr'>peregrinis</span> <span class='ocrx_word' id='word_1_48' title='bbox 869 1057 1054 1114; x_wconf 85' lang='lat' dir='ltr'>Erebi</span> <span class='ocrx_word' id='word_1_49' title='bbox 1100 1067 1284 1134; x_wconf 88' lang='lat' dir='ltr'>caput</span> <span class='ocrx_word' id='word_1_50' title='bbox 1324 1058 1543 1116; x_wconf 85' lang='lat' dir='ltr'>extulit</span> <span class='ocrx_word' id='word_1_51' title='bbox 1588 1062 1736 1134; x_wconf 89' lang='lat' dir='ltr'>oris,</span> 
     </span>
     <span class='ocr_line' id='line_1_11' title="bbox 320 1141 1531 1216; baseline 0.002 -19"><span class='ocrx_word' id='word_1_52' title='bbox 320 1141 574 1198; x_wconf 89' lang='lat' dir='ltr'>Insueta</span> <span class='ocrx_word' id='word_1_53' title='bbox 617 1150 677 1197; x_wconf 90' lang='lat' dir='ltr'>et</span> <span class='ocrx_word' id='word_1_54' title='bbox 718 1142 886 1198; x_wconf 86' lang='lat' dir='ltr'>vultu</span> <span class='ocrx_word' id='word_1_55' title='bbox 930 1143 1142 1198; x_wconf 88' lang='lat' dir='ltr'>terruit</span> <span class='ocrx_word' id='word_1_56' title='bbox 1186 1152 1355 1201; x_wconf 89' lang='lat' dir='ltr'>astra</span> <span class='ocrx_word' id='word_1_57' title='bbox 1403 1163 1531 1216; x_wconf 87' lang='lat' dir='ltr'>su0,</span> 
     </span>
    </p>

    <p class='ocr_par' dir='ltr' id='par_1_8' title="bbox 240 1226 1774 1389">
     <span class='ocr_line' id='line_1_12' title="bbox 240 1226 1774 1303; baseline 0.002 -19"><span class='ocrx_word' id='word_1_58' title='bbox 240 1226 588 1284; x_wconf 89' lang='lat' dir='ltr'>Morborum</span> <span class='ocrx_word' id='word_1_59' title='bbox 637 1234 695 1282; x_wconf 90' lang='lat' dir='ltr'>et</span> <span class='ocrx_word' id='word_1_60' title='bbox 735 1227 924 1283; x_wconf 86' lang='lat' dir='ltr'>traxit</span> <span class='ocrx_word' id='word_1_61' title='bbox 968 1226 1191 1285; x_wconf 83' lang='lat' dir='ltr'>ferales</span> <span class='ocrx_word' id='word_1_62' title='bbox 1234 1229 1431 1303; x_wconf 91' lang='lat' dir='ltr'>prima</span> <span class='ocrx_word' id='word_1_63' title='bbox 1474 1229 1774 1301; x_wconf 85' lang='lat' dir='ltr'>cohortes3</span> 
     </span>
     <span class='ocr_line' id='line_1_13' title="bbox 323 1308 1720 1389; baseline 0.001 -21"><span class='ocrx_word' id='word_1_64' title='bbox 323 1308 524 1384; x_wconf 90' lang='lat' dir='ltr'>Seque</span> <span class='ocrx_word' id='word_1_65' title='bbox 573 1311 783 1367; x_wconf 85' lang='lat' dir='ltr'>ducem</span> <span class='ocrx_word' id='word_1_66' title='bbox 828 1311 1008 1369; x_wconf 91' lang='lat' dir='ltr'>iussit</span> <span class='ocrx_word' id='word_1_67' title='bbox 1047 1321 1107 1368; x_wconf 92' lang='lat' dir='ltr'>et</span> <span class='ocrx_word' id='word_1_68' title='bbox 1152 1331 1265 1370; x_wconf 86' lang='lat' dir='ltr'>sua</span> <span class='ocrx_word' id='word_1_69' title='bbox 1309 1313 1487 1389; x_wconf 86' lang='lat' dir='ltr'>signa</span> <span class='ocrx_word' id='word_1_70' title='bbox 1532 1315 1720 1387; x_wconf 91' lang='lat' dir='ltr'>sequi.</span> 
     </span>
    </p>

    <p class='ocr_par' dir='ltr' id='par_1_9' title="bbox 239 1395 2007 1559">
     <span class='ocr_line' id='line_1_14' title="bbox 239 1395 2007 1472; baseline 0.005 -21"><span class='ocrx_word' id='word_1_71' title='bbox 239 1396 386 1452; x_wconf 91' lang='lat' dir='ltr'>Inde</span> <span class='ocrx_word' id='word_1_72' title='bbox 432 1395 747 1452; x_wconf 90' lang='lat' dir='ltr'>hominum</span> <span class='ocrx_word' id='word_1_73' title='bbox 792 1396 1032 1453; x_wconf 89' lang='lat' dir='ltr'>miseris</span> <span class='ocrx_word' id='word_1_74' title='bbox 1078 1397 1413 1455; x_wconf 86' lang='lat' dir='ltr'>cervicibus</span> <span class='ocrx_word' id='word_1_75' title='bbox 1456 1396 1732 1455; x_wconf 83' lang='lat' dir='ltr'>imminet</span> <span class='ocrx_word' id='word_1_76' title='bbox 1775 1400 2007 1472; x_wconf 89' lang='lat' dir='ltr'>hostis;</span> 
     </span>
     <span class='ocr_line' id='line_1_15' title="bbox 321 1478 1679 1559; baseline 0.002 -22"><span class='ocrx_word' id='word_1_77' title='bbox 321 1478 535 1537; x_wconf 82' lang='lat' dir='ltr'>Calcat</span> <span class='ocrx_word' id='word_1_78' title='bbox 582 1488 641 1536; x_wconf 90' lang='lat' dir='ltr'>et</span> <span class='ocrx_word' id='word_1_79' title='bbox 677 1480 964 1556; x_wconf 89' lang='lat' dir='ltr'>imposito</span> <span class='ocrx_word' id='word_1_80' title='bbox 1006 1482 1250 1539; x_wconf 88' lang='lat' dir='ltr'>subdita</span> <span class='ocrx_word' id='word_1_81' title='bbox 1297 1482 1458 1539; x_wconf 89' lang='lat' dir='ltr'>colla</span> <span class='ocrx_word' id='word_1_82' title='bbox 1505 1484 1679 1559; x_wconf 90' lang='lat' dir='ltr'>pede.</span> 
     </span>
    </p>

    <p class='ocr_par' dir='ltr' id='par_1_10' title="bbox 243 1564 1736 1726">
     <span class='ocr_line' id='line_1_16' title="bbox 243 1564 1736 1642; baseline 0.002 -20"><span class='ocrx_word' id='word_1_83' title='bbox 243 1564 294 1622; x_wconf 88' lang='lat' dir='ltr'>O</span> <span class='ocrx_word' id='word_1_84' title='bbox 340 1565 547 1622; x_wconf 82' lang='lat' dir='ltr'>dulces</span> <span class='ocrx_word' id='word_1_85' title='bbox 594 1567 856 1636; x_wconf 88' lang='lat' dir='ltr'>animae,</span> <span class='ocrx_word' id='word_1_86' title='bbox 903 1566 958 1623; x_wconf 93' lang='lat' dir='ltr'>si</span> <span class='ocrx_word' id='word_1_87' title='bbox 1003 1567 1106 1641; x_wconf 92' lang='lat' dir='ltr'>qui</span> <span class='ocrx_word' id='word_1_88' title='bbox 1155 1569 1491 1641; x_wconf 80' lang='lat' dir='ltr'>superestis</span> <span class='ocrx_word' id='word_1_89' title='bbox 1538 1569 1736 1642; x_wconf 89' lang='lat' dir='ltr'>amici,</span> 
     </span>
     <span class='ocr_line' id='line_1_17' title="bbox 320 1650 1518 1726; baseline 0.003 -20"><span class='ocrx_word' id='word_1_90' title='bbox 320 1651 458 1706; x_wconf 90' lang='lat' dir='ltr'>Iure</span> <span class='ocrx_word' id='word_1_91' title='bbox 503 1650 772 1707; x_wconf 90' lang='lat' dir='ltr'>sodalitii</span> <span class='ocrx_word' id='word_1_92' title='bbox 810 1659 1062 1726; x_wconf 88' lang='lat' dir='ltr'>pectora</span> <span class='ocrx_word' id='word_1_93' title='bbox 1101 1653 1308 1709; x_wconf 88' lang='lat' dir='ltr'>iuncta</span> <span class='ocrx_word' id='word_1_94' title='bbox 1351 1653 1518 1723; x_wconf 92' lang='lat' dir='ltr'>mihi,</span> 
     </span>
    </p>

    <p class='ocr_par' dir='ltr' id='par_1_11' title="bbox 241 1734 1912 1897">
     <span class='ocr_line' id='line_1_18' title="bbox 241 1734 1912 1815; baseline 0.003 -22"><span class='ocrx_word' id='word_1_95' title='bbox 241 1734 507 1809; x_wconf 87' lang='lat' dir='ltr'>Accipite</span> <span class='ocrx_word' id='word_1_96' title='bbox 548 1736 664 1793; x_wconf 86' lang='lat' dir='ltr'>has</span> <span class='ocrx_word' id='word_1_97' title='bbox 709 1735 1033 1811; x_wconf 81' lang='lat' dir='ltr'>lacrymas,</span> <span class='ocrx_word' id='word_1_98' title='bbox 1083 1738 1352 1812; x_wconf 89' lang='lat' dir='ltr'>supremi</span> <span class='ocrx_word' id='word_1_99' title='bbox 1396 1738 1650 1815; x_wconf 86' lang='lat' dir='ltr'>pignora</span> <span class='ocrx_word' id='word_1_100' title='bbox 1695 1738 1912 1812; x_wconf 87' lang='lat' dir='ltr'>luctus,</span> 
     </span>
     <span class='ocr_line' id='line_1_19' title="bbox 322 1819 1676 1897; baseline 0.002 -20"><span class='ocrx_word' id='word_1_101' title='bbox 322 1819 672 1894; x_wconf 88' lang='lat' dir='ltr'>Tristiaque</span> <span class='ocrx_word' id='word_1_102' title='bbox 719 1821 931 1878; x_wconf 89' lang='lat' dir='ltr'>atratis</span> <span class='ocrx_word' id='word_1_103' title='bbox 982 1822 1252 1878; x_wconf 86' lang='lat' dir='ltr'>carmina</span> <span class='ocrx_word' id='word_1_104' title='bbox 1291 1823 1457 1897; x_wconf 84' lang='lat' dir='ltr'>picta</span> <span class='ocrx_word' id='word_1_105' title='bbox 1500 1822 1676 1880; x_wconf 88' lang='lat' dir='ltr'>notis.</span> 
     </span>
    </p>

    <p class='ocr_par' dir='ltr' id='par_1_12' title="bbox 242 1900 1740 2067">
     <span class='ocr_line' id='line_1_20' title="bbox 242 1900 1721 1979; baseline -0.001 -15"><span class='ocrx_word' id='word_1_106' title='bbox 242 1905 314 1964; x_wconf 90' lang='lat' dir='ltr'>Et</span> <span class='ocrx_word' id='word_1_107' title='bbox 352 1904 461 1962; x_wconf 89' lang='lat' dir='ltr'>tibi</span> <span class='ocrx_word' id='word_1_108' title='bbox 510 1924 623 1962; x_wconf 89' lang='lat' dir='ltr'>nec</span> <span class='ocrx_word' id='word_1_109' title='bbox 669 1906 862 1963; x_wconf 88' lang='lat' dir='ltr'>nostri</span> <span class='ocrx_word' id='word_1_110' title='bbox 902 1906 982 1964; x_wconf 93' lang='lat' dir='ltr'>sit</span> <span class='ocrx_word' id='word_1_111' title='bbox 1026 1900 1257 1964; x_wconf 84' lang='lat' dir='ltr'>funeris</span> <span class='ocrx_word' id='word_1_112' title='bbox 1301 1907 1512 1963; x_wconf 89' lang='lat' dir='ltr'>ultima</span> <span class='ocrx_word' id='word_1_113' title='bbox 1559 1925 1721 1979; x_wconf 90' lang='lat' dir='ltr'>cura,</span> 
     </span>
     <span class='ocr_line' id='line_1_21' title="bbox 319 1989 1740 2067; baseline 0.001 -21"><span class='ocrx_word' id='word_1_114' title='bbox 319 1989 626 2047; x_wconf 81' lang='lat' dir='ltr'>Devotum</span> <span class='ocrx_word' id='word_1_115' title='bbox 669 1991 887 2062; x_wconf 89' lang='lat' dir='ltr'>Musis,</span> <span class='ocrx_word' id='word_1_116' title='bbox 934 1991 1110 2048; x_wconf 90' lang='lat' dir='ltr'>docte</span> <span class='ocrx_word' id='word_1_117' title='bbox 1153 1991 1429 2063; x_wconf 88' lang='lat' dir='ltr'>Melisse,</span> <span class='ocrx_word' id='word_1_118' title='bbox 1477 1999 1672 2067; x_wconf 89' lang='lat' dir='ltr'>caput.</span> <span class='ocrx_word' id='word_1_119' title='bbox 1735 2010 1740 2015; x_wconf 56' lang='lat'>⁴</span> 
     </span>
    </p>

    <p class='ocr_par' dir='ltr' id='par_1_13' title="bbox 243 2072 1815 2238">
     <span class='ocr_line' id='line_1_22' title="bbox 243 2072 1815 2149; baseline -0.001 -14"><span class='ocrx_word' id='word_1_120' title='bbox 243 2072 340 2135; x_wconf 80' lang='lat' dir='ltr'>Sic</span> <span class='ocrx_word' id='word_1_121' title='bbox 383 2074 491 2133; x_wconf 88' lang='lat' dir='ltr'>tibi</span> <span class='ocrx_word' id='word_1_122' title='bbox 541 2075 665 2134; x_wconf 91' lang='lat' dir='ltr'>sint</span> <span class='ocrx_word' id='word_1_123' title='bbox 706 2075 918 2134; x_wconf 88' lang='lat' dir='ltr'>faciles</span> <span class='ocrx_word' id='word_1_124' title='bbox 961 2075 1252 2135; x_wconf 89' lang='lat' dir='ltr'>Boeotica</span> <span class='ocrx_word' id='word_1_125' title='bbox 1290 2076 1536 2134; x_wconf 91' lang='lat' dir='ltr'>numina</span> <span class='ocrx_word' id='word_1_126' title='bbox 1579 2077 1815 2149; x_wconf 90' lang='lat' dir='ltr'>Musae,</span> 
     </span>
     <span class='ocr_line' id='line_1_23' title="bbox 320 2161 1655 2238; baseline 0.001 -21"><span class='ocrx_word' id='word_1_127' title='bbox 320 2161 737 2238; x_wconf 89' lang='lat' dir='ltr'>Impediatque</span> <span class='ocrx_word' id='word_1_128' title='bbox 779 2169 912 2219; x_wconf 90' lang='lat' dir='ltr'>tuas</span> <span class='ocrx_word' id='word_1_129' title='bbox 960 2161 1164 2219; x_wconf 88' lang='lat' dir='ltr'>laurus</span> <span class='ocrx_word' id='word_1_130' title='bbox 1206 2162 1387 2220; x_wconf 89' lang='lat' dir='ltr'>odora</span> <span class='ocrx_word' id='word_1_131' title='bbox 1428 2181 1655 2220; x_wconf 89' lang='lat' dir='ltr'>comas.</span> 
     </span>
    </p>

    <p class='ocr_par' dir='ltr' id='par_1_14' title="bbox 240 2246 1764 2404">
     <span class='ocr_line' id='line_1_24' title="bbox 240 2246 1764 2322; baseline -0.001 -19"><span class='ocrx_word' id='word_1_132' title='bbox 240 2248 430 2319; x_wconf 88' lang='lat' dir='ltr'>Atque</span> <span class='ocrx_word' id='word_1_133' title='bbox 476 2246 645 2318; x_wconf 91' lang='lat' dir='ltr'>olim,</span> <span class='ocrx_word' id='word_1_134' title='bbox 696 2246 1052 2322; x_wconf 88' lang='lat' dir='ltr'>quandoque</span> <span class='ocrx_word' id='word_1_135' title='bbox 1097 2247 1215 2303; x_wconf 91' lang='lat' dir='ltr'>mei</span> <span class='ocrx_word' id='word_1_136' title='bbox 1256 2267 1372 2304; x_wconf 92' lang='lat' dir='ltr'>non</span> <span class='ocrx_word' id='word_1_137' title='bbox 1416 2247 1612 2304; x_wconf 89' lang='lat' dir='ltr'>inscia</span> <span class='ocrx_word' id='word_1_138' title='bbox 1654 2247 1764 2303; x_wconf 90' lang='lat' dir='ltr'>fati</span> 
     </span>
     <span class='ocr_line' id='line_1_25' title="bbox 319 2330 1675 2404; baseline 0.003 -18"><span class='ocrx_word' id='word_1_139' title='bbox 319 2330 528 2388; x_wconf 90' lang='lat' dir='ltr'>Vertet</span> <span class='ocrx_word' id='word_1_140' title='bbox 565 2332 629 2388; x_wconf 91' lang='lat' dir='ltr'>in</span> <span class='ocrx_word' id='word_1_141' title='bbox 674 2332 974 2389; x_wconf 81' lang='lat' dir='ltr'>auriculas</span> <span class='ocrx_word' id='word_1_142' title='bbox 1021 2332 1240 2404; x_wconf 71' lang='lat' dir='ltr'>nuncia</span> <span class='ocrx_word' id='word_1_143' title='bbox 1283 2331 1447 2388; x_wconf 89' lang='lat' dir='ltr'>fama</span> <span class='ocrx_word' id='word_1_144' title='bbox 1494 2341 1675 2402; x_wconf 78' lang='lat' dir='ltr'>tuaS,.</span> 
     </span>
    </p>

    <p class='ocr_par' dir='ltr' id='par_1_15' title="bbox 238 2414 1807 2577">
     <span class='ocr_line' id='line_1_26' title="bbox 238 2414 1807 2491; baseline 0 -18"><span class='ocrx_word' id='word_1_145' title='bbox 238 2414 531 2473; x_wconf 91' lang='lat' dir='ltr'>Omnibus</span> <span class='ocrx_word' id='word_1_146' title='bbox 575 2416 809 2474; x_wconf 88' lang='lat' dir='ltr'>indicas</span> <span class='ocrx_word' id='word_1_147' title='bbox 853 2417 950 2474; x_wconf 91' lang='lat' dir='ltr'>fac</span> <span class='ocrx_word' id='word_1_148' title='bbox 990 2416 1238 2486; x_wconf 90' lang='lat' dir='ltr'>luctum,</span> <span class='ocrx_word' id='word_1_149' title='bbox 1282 2415 1518 2486; x_wconf 86' lang='lat' dir='ltr'>Paulle,</span> <span class='ocrx_word' id='word_1_150' title='bbox 1571 2415 1807 2491; x_wconf 83' lang='lat' dir='ltr'>poetis3</span> 
     </span>
     <span class='ocr_line' id='line_1_27' title="bbox 317 2499 1655 2577; baseline -0.001 -20"><span class='ocrx_word' id='word_1_151' title='bbox 317 2500 414 2571; x_wconf 89' lang='lat' dir='ltr'>Et,</span> <span class='ocrx_word' id='word_1_152' title='bbox 459 2499 695 2573; x_wconf 88' lang='lat' dir='ltr'>Nostri,</span> <span class='ocrx_word' id='word_1_153' title='bbox 747 2501 932 2573; x_wconf 91' lang='lat' dir='ltr'>dices,</span> <span class='ocrx_word' id='word_1_154' title='bbox 977 2519 1119 2577; x_wconf 89' lang='lat' dir='ltr'>pars</span> <span class='ocrx_word' id='word_1_155' title='bbox 1165 2501 1279 2557; x_wconf 89' lang='lat' dir='ltr'>fuit</span> <span class='ocrx_word' id='word_1_156' title='bbox 1319 2500 1425 2556; x_wconf 92' lang='lat' dir='ltr'>ille</span> <span class='ocrx_word' id='word_1_157' title='bbox 1467 2501 1655 2557; x_wconf 92' lang='lat' dir='ltr'>chori.</span> 
     </span>
    </p>

    <p class='ocr_par' dir='ltr' id='par_1_16' title="bbox 237 2582 1935 2747">
     <span class='ocr_line' id='line_1_28' title="bbox 237 2582 1935 2660; baseline -0.003 -17"><span class='ocrx_word' id='word_1_158' title='bbox 237 2582 335 2643; x_wconf 84' lang='lat' dir='ltr'>Sic</span> <span class='ocrx_word' id='word_1_159' title='bbox 379 2585 567 2658; x_wconf 90' lang='lat' dir='ltr'>dices,</span> <span class='ocrx_word' id='word_1_160' title='bbox 620 2586 968 2660; x_wconf 89' lang='lat' dir='ltr'>tumuloque</span> <span class='ocrx_word' id='word_1_161' title='bbox 1015 2585 1187 2642; x_wconf 91' lang='lat' dir='ltr'>dabis</span> <span class='ocrx_word' id='word_1_162' title='bbox 1234 2592 1337 2640; x_wconf 90' lang='lat' dir='ltr'>tua</span> <span class='ocrx_word' id='word_1_163' title='bbox 1385 2585 1653 2641; x_wconf 89' lang='lat' dir='ltr'>carmina</span> <span class='ocrx_word' id='word_1_164' title='bbox 1697 2589 1935 2653; x_wconf 83' lang='lat' dir='ltr'>nostr03</span> 
     </span>
     <span class='ocr_line' id='line_1_29' title="bbox 316 2668 1731 2747; baseline -0.002 -19"><span class='ocrx_word' id='word_1_165' title='bbox 316 2668 823 2747; x_wconf 85' lang='lat' dir='ltr'>Carminibusque</span> <span class='ocrx_word' id='word_1_166' title='bbox 869 2671 988 2727; x_wconf 91' lang='lat' dir='ltr'>tuis</span> <span class='ocrx_word' id='word_1_167' title='bbox 1033 2669 1303 2726; x_wconf 90' lang='lat' dir='ltr'>carmina</span> <span class='ocrx_word' id='word_1_168' title='bbox 1342 2669 1526 2746; x_wconf 88' lang='lat' dir='ltr'>iunge</span> <span class='ocrx_word' id='word_1_169' title='bbox 1569 2687 1731 2725; x_wconf 88' lang='lat' dir='ltr'>mea:</span> 
     </span>
    </p>

    <p class='ocr_par' dir='ltr' id='par_1_17' title="bbox 233 2752 2055 2910">
     <span class='ocr_line' id='line_1_30' title="bbox 233 2752 2055 2830; baseline -0.001 -19"><span class='ocrx_word' id='word_1_170' title='bbox 233 2753 388 2811; x_wconf 90' lang='lat' dir='ltr'>Heic</span> <span class='ocrx_word' id='word_1_171' title='bbox 426 2757 579 2814; x_wconf 87' lang='lat' dir='ltr'>situs</span> <span class='ocrx_word' id='word_1_172' title='bbox 621 2765 734 2828; x_wconf 88' lang='lat' dir='ltr'>est,</span> <span class='ocrx_word' id='word_1_173' title='bbox 780 2756 879 2830; x_wconf 92' lang='lat' dir='ltr'>qui</span> <span class='ocrx_word' id='word_1_174' title='bbox 919 2773 1030 2811; x_wconf 88' lang='lat' dir='ltr'>nec</span> <span class='ocrx_word' id='word_1_175' title='bbox 1072 2755 1249 2825; x_wconf 80' lang='lat' dir='ltr'>vixit,</span> <span class='ocrx_word' id='word_1_176' title='bbox 1287 2773 1399 2810; x_wconf 90' lang='lat' dir='ltr'>nec</span> <span class='ocrx_word' id='word_1_177' title='bbox 1441 2763 1709 2811; x_wconf 87' lang='lat' dir='ltr'>mortuus</span> <span class='ocrx_word' id='word_1_178' title='bbox 1757 2752 1916 2810; x_wconf 51' lang='lat' dir='ltr'>olim&gt;</span> <span class='ocrx_word' id='word_1_179' title='bbox 1940 2760 2055 2826; x_wconf 89' lang='lat' dir='ltr'>est,</span> 
     </span>
     <span class='ocr_line' id='line_1_31' title="bbox 312 2839 1661 2910; baseline -0.001 -14"><span class='ocrx_word' id='word_1_180' title='bbox 312 2839 472 2897; x_wconf 90' lang='lat' dir='ltr'>Nam</span> <span class='ocrx_word' id='word_1_181' title='bbox 519 2860 684 2899; x_wconf 91' lang='lat' dir='ltr'>mors</span> <span class='ocrx_word' id='word_1_182' title='bbox 730 2841 871 2898; x_wconf 84' lang='lat' dir='ltr'>viva</span> <span class='ocrx_word' id='word_1_183' title='bbox 912 2839 1037 2910; x_wconf 85' lang='lat' dir='ltr'>illi;</span> <span class='ocrx_word' id='word_1_184' title='bbox 1082 2847 1315 2896; x_wconf 89' lang='lat' dir='ltr'>mortua</span> <span class='ocrx_word' id='word_1_185' title='bbox 1361 2840 1483 2897; x_wconf 88' lang='lat' dir='ltr'>vita</span> <span class='ocrx_word' id='word_1_186' title='bbox 1529 2839 1661 2897; x_wconf 90' lang='lat' dir='ltr'>fuit.</span> 
     </span>
    </p>

    <p class='ocr_par' dir='ltr' id='par_1_18' title="bbox 396 2934 1647 3000">
     <span class='ocr_line' id='line_1_32' title="bbox 396 2934 1647 3000; baseline 0.001 -15"><span class='ocrx_word' id='word_1_187' title='bbox 396 2934 611 3000; x_wconf 86' lang='lat' dir='ltr'>Scripsit</span> <span class='ocrx_word' id='word_1_188' title='bbox 644 2950 811 2998; x_wconf 87' lang='lat' dir='ltr'>aeger,</span> <span class='ocrx_word' id='word_1_189' title='bbox 850 2942 900 2985; x_wconf 86' lang='lat' dir='ltr'>et</span> <span class='ocrx_word' id='word_1_190' title='bbox 933 2935 1175 2984; x_wconf 89' lang='lat' dir='ltr'>laborans</span> <span class='ocrx_word' id='word_1_191' title='bbox 1209 2935 1341 2984; x_wconf 90' lang='lat' dir='ltr'>febri</span> <span class='ocrx_word' id='word_1_192' title='bbox 1379 2942 1647 2998; x_wconf 89' lang='lat' dir='ltr'>quartana.</span> 
     </span>
    </p>
   </div>
   <div class='ocr_carea' id='block_1_4' title="bbox 234 3089 1801 3506">
    <p class='ocr_par' dir='ltr' id='par_1_19' title="bbox 234 3089 1801 3506">
     <span class='ocr_line' id='line_1_33' title="bbox 502 3089 1801 3165; baseline -0.002 -15"><span class='ocrx_word' id='word_1_193' title='bbox 502 3093 605 3150; x_wconf 84' lang='lat'>31.</span> <span class='ocrx_word' id='word_1_194' title='bbox 692 3095 770 3149; x_wconf 83' lang='lat' dir='ltr'>In</span> <span class='ocrx_word' id='word_1_195' title='bbox 819 3090 1046 3148; x_wconf 83' lang='lat' dir='ltr'>Olorem</span> <span class='ocrx_word' id='word_1_196' title='bbox 1088 3093 1397 3165; x_wconf 65' lang='lat' dir='ltr'>insignium</span> <span class='ocrx_word' id='word_1_197' title='bbox 1440 3089 1509 3145; x_wconf 90' lang='lat' dir='ltr'>P.</span> <span class='ocrx_word' id='word_1_198' title='bbox 1556 3089 1801 3149; x_wconf 69' lang='lat' dir='ltr'>Melissi.</span> 
     </span>
     <span class='ocr_line' id='line_1_34' title="bbox 235 3172 1781 3252; baseline -0.001 -22"><span class='ocrx_word' id='word_1_199' title='bbox 235 3172 515 3249; x_wconf 84' lang='lat' dir='ltr'>Quisquis</span> <span class='ocrx_word' id='word_1_200' title='bbox 556 3177 722 3252; x_wconf 89' lang='lat' dir='ltr'>picta</span> <span class='ocrx_word' id='word_1_201' title='bbox 765 3176 884 3233; x_wconf 91' lang='lat' dir='ltr'>mei</span> <span class='ocrx_word' id='word_1_202' title='bbox 928 3175 1082 3251; x_wconf 87' lang='lat' dir='ltr'>legis</span> <span class='ocrx_word' id='word_1_203' title='bbox 1130 3182 1487 3250; x_wconf 88' lang='lat' dir='ltr'>argumenta</span> <span class='ocrx_word' id='word_1_204' title='bbox 1519 3173 1781 3245; x_wconf 85' lang='lat' dir='ltr'>Melissi,</span> 
     </span>
     <span class='ocr_line' id='line_1_35' title="bbox 313 3259 1551 3335; baseline -0.002 -19"><span class='ocrx_word' id='word_1_205' title='bbox 313 3260 457 3335; x_wconf 88' lang='lat' dir='ltr'>Ipsa</span> <span class='ocrx_word' id='word_1_206' title='bbox 496 3262 624 3319; x_wconf 94' lang='lat' dir='ltr'>suis</span> <span class='ocrx_word' id='word_1_207' title='bbox 667 3260 845 3319; x_wconf 90' lang='lat' dir='ltr'>etiam</span> <span class='ocrx_word' id='word_1_208' title='bbox 892 3260 1058 3318; x_wconf 89' lang='lat' dir='ltr'>disce</span> <span class='ocrx_word' id='word_1_209' title='bbox 1099 3260 1328 3316; x_wconf 88' lang='lat' dir='ltr'>referre</span> <span class='ocrx_word' id='word_1_210' title='bbox 1366 3259 1551 3316; x_wconf 90' lang='lat' dir='ltr'>notis.</span> 
     </span>
     <span class='ocr_line' id='line_1_36' title="bbox 234 3343 1754 3421; baseline -0.002 -19"><span class='ocrx_word' id='word_1_211' title='bbox 234 3343 618 3403; x_wconf 83' lang='lat' dir='ltr'>Flexanimas</span> <span class='ocrx_word' id='word_1_212' title='bbox 658 3365 837 3404; x_wconf 86' lang='lat' dir='ltr'>voces</span> <span class='ocrx_word' id='word_1_213' title='bbox 886 3346 1106 3421; x_wconf 86' lang='lat' dir='ltr'>signat,</span> <span class='ocrx_word' id='word_1_214' title='bbox 1165 3353 1497 3417; x_wconf 88' lang='lat' dir='ltr'>cantusque</span> <span class='ocrx_word' id='word_1_215' title='bbox 1538 3351 1754 3417; x_wconf 89' lang='lat' dir='ltr'>poetae</span> 
     </span>
     <span class='ocr_line' id='line_1_37' title="bbox 316 3428 1797 3506; baseline -0.001 -20"><span class='ocrx_word' id='word_1_216' title='bbox 316 3429 586 3490; x_wconf 88' lang='lat' dir='ltr'>Blandus</span> <span class='ocrx_word' id='word_1_217' title='bbox 630 3430 776 3503; x_wconf 90' lang='lat' dir='ltr'>olor,</span> <span class='ocrx_word' id='word_1_218' title='bbox 823 3430 986 3488; x_wconf 91' lang='lat' dir='ltr'>dulci</span> <span class='ocrx_word' id='word_1_219' title='bbox 1028 3437 1266 3506; x_wconf 86' lang='lat' dir='ltr'>gutture</span> <span class='ocrx_word' id='word_1_220' title='bbox 1314 3446 1557 3485; x_wconf 90' lang='lat' dir='ltr'>carmen</span> <span class='ocrx_word' id='word_1_221' title='bbox 1599 3428 1797 3485; x_wconf 89' lang='lat' dir='ltr'>hians.</span> 
     </span>
    </p>
   </div>
   <div class='ocr_carea' id='block_1_5' title="bbox 235 3512 1663 3668">
    <p class='ocr_par' dir='ltr' id='par_1_20' title="bbox 235 3512 1663 3668">
     <span class='ocr_line' id='line_1_38' title="bbox 235 3512 1663 3602; baseline -0.002 -31"><span class='ocrx_word' id='word_1_222' title='bbox 235 3515 397 3573; x_wconf 89' lang='lat' dir='ltr'>Idem</span> <span class='ocrx_word' id='word_1_223' title='bbox 443 3517 623 3602; x_wconf 82' lang='lat' dir='ltr'>etiam</span> <span class='ocrx_word' id='word_1_224' title='bbox 670 3515 862 3574; x_wconf 82' lang='lat' dir='ltr'>niveis</span> <span class='ocrx_word' id='word_1_225' title='bbox 906 3516 1114 3591; x_wconf 90' lang='lat' dir='ltr'>passis</span> <span class='ocrx_word' id='word_1_226' title='bbox 1161 3520 1482 3591; x_wconf 87' lang='lat' dir='ltr'>argenteus</span> <span class='ocrx_word' id='word_1_227' title='bbox 1528 3512 1663 3582; x_wconf 85' lang='lat' dir='ltr'>alis,</span> 
     </span>
     <span class='ocr_line' id='line_1_39' title="bbox 1607 3611 1644 3668; baseline 0 0"><span class='ocrx_word' id='word_1_228' title='bbox 1607 3611 1644 3668; x_wconf 88' lang='grc'>3</span> 
     </span>
    </p>
   </div>
  </div>
 </body>
</html>
