2452 4186
1231 283 1312 341 74

367 445 685 506 Gallorum
727 451 960 508 furians
1006 452 1245 510 animos
1293 451 1569 509 civilibus
1616 451 1724 510 iris

365 531 564 608 Impia
601 534 951 609 Tisiphone.
994 536 1211 594 Flebat
1252 536 1573 594 Provincia
1613 536 1770 608 sola,

362 616 549 675 Nuda
591 628 840 696 regente
881 639 1010 681 su0.
1058 622 1282 697 qualis,
1323 621 1757 695 bacchantibus
1806 621 2006 692 Euris,

362 703 675 763 Fluctibus
719 707 780 762 in
815 705 1033 763 mediis
1080 708 1309 765 amisso
1357 708 1575 782 cymba
1619 706 1931 782 magistro.
1999 762 2002 763 γ

366 787 599 847 Cuncta
640 792 1038 848 coruscabant
1077 792 1312 866 trepida
1350 791 1665 848 formidine
1712 791 1940 862 mortiS,

361 872 615 931 Pictone
654 875 709 932 si
753 876 1004 950 sonipes
1044 878 1319 934 flammas
1364 877 1655 934 miscente
1698 877 1975 947 cucurrit,

363 958 480 1016 Vel
527 959 765 1034 quoties
808 960 974 1018 acies
1017 960 1199 1038 longe
1246 961 1603 1036 comparuit.
1650 956 1866 1018 Hostis

363 1044 560 1100 Extra
605 1044 814 1101 urbem
861 1047 1222 1103 manifestus
1272 1057 1419 1117 erat,
1459 1052 1783 1121 suspectus
1829 1046 1892 1102 i‘n
1938 1046 2099 1104 urbe.

362 1127 563 1202 thue
609 1129 1046 1206 Therapnaeos
1087 1131 1331 1202 fratres,
1382 1131 1652 1206 optabile
1698 1130 1887 1202 siduS,

362 1213 610 1272 Auxilio
655 1214 981 1291 implorant
1025 1216 1309 1290 deprensi
1353 1217 1591 1273 turbine
1632 1213 1903 1273 Nautae:

365 1296 469 1359 Sic
513 1306 570 1355 te
614 1301 927 1376 suspirant
971 1301 1156 1360 fessis
1201 1301 1417 1358 solatia
1457 1302 1639 1358 rebus

363 1384 654 1442 Laturum
697 1387 886 1444 cives.
926 1385 1143 1460 Neque
1192 1395 1309 1457 sat,
1355 1395 1411 1442 te
1453 1403 1713 1462 poscere
1756 1386 1935 1443 votis.
2007 1400 2011 1403 ’

359 1468 650 1527 Posceris
701 1478 760 1526 et
806 1472 1107 1547 precibus.
1160 1470 1453 1528 Precibus
1496 1471 1632 1527 Rex
1672 1470 1908 1527 annuit:
1951 1479 2011 1527 et
2050 1491 2188 1528 mox

365 1554 628 1629 Optatus
670 1555 891 1613 Rector
930 1575 1131 1612 rerum
1180 1556 1456 1612 succedis
1505 1555 1781 1611 habeniS.

361 1638 512 1713 Ipsa
552 1638 792 1711 quidem
837 1640 1016 1696 viridi
1061 1639 1376 1696 iuvenales
1420 1640 1620 1696 indole
1673 1639 1872 1696 vultus

361 1723 592 1780 Mutato
642 1722 795 1779 felix
834 1724 1074 1782 novitas
1121 1723 1535 1782 moderamine
1580 1724 1859 1800 sumpsit.

361 1810 444 1865 At
484 1807 595 1864 tibi
634 1807 821 1867 nulla,
847 1809 1040 1882 quies,
1089 1828 1200 1865 nec
1237 1809 1459 1866 blando
1503 1809 1737 1865 lumina
1776 1827 1993 1866 somno

361 1892 688 1950 Declinare
722 1893 913 1951 datur.
961 1892 1201 1952 Coniux
1247 1913 1284 1950 a
1329 1904 1529 1951 mente
1573 1902 1809 1951 remota

359 1978 609 2050 Exulat,
651 1986 709 2034 et
753 1979 982 2050 dulces,
1028 1979 1345 2037 carissima
1391 1979 1661 2050 nomina,
1702 1979 1844 2035 nati.

360 2062 619 2121 Publica
660 2065 934 2139 privatos
980 2065 1234 2122 affectus
1285 2083 1428 2123 cura
1472 2063 1733 2141 repellit.

360 2149 537 2207 Unus
585 2168 770 2221 amor,
815 2149 1047 2206 nullum
1087 2151 1318 2225 patriae
1366 2168 1747 2226 praeponere
1792 2168 2084 2219 amorem,

360 2233 496 2291 Nec
540 2252 651 2291 sua
689 2235 988 2291 communi
1027 2235 1359 2293 subducere
1405 2236 1675 2291 membra
1713 2233 1943 2291 ruinae.

360 2318 565 2376 Unum
600 2319 715 2375 hoc
738 2320 1110 2395 propositum
1140 2328 1258 2377 est:
1307 2320 1404 2376 hic
1435 2320 1622 2376 menti
1642 2319 1933 2376 terminus
1961 2319 2178 2378 haeret.

360 2403 485 2461 Vix
525 2404 833 2462 admissus
876 2424 1010 2463 eras
1045 2405 1317 2481 trepidae
1363 2405 1439 2461 ad
1481 2404 1898 2463 moderamina
1934 2411 2145 2460 terrae.

361 2488 661 2565 Frugibus
709 2490 965 2549 infestas
1008 2490 1321 2566 populator
1363 2490 1538 2548 Picto
1580 2490 1862 2547 cohortes

360 2573 614 2631 Parcius
665 2574 931 2632 immittit
968 2577 1195 2652 campis
1213 2597 1234 2633 :²
1275 2594 1491 2649 neque,
1542 2584 1607 2631 ut
1640 2582 1779 2630 ante
1826 2574 2080 2645 solebat,

361 2656 766 2735 Cornipedum
813 2660 1039 2718 crebris
1092 2661 1424 2718 assultibus
1473 2678 1619 2716 arva
1659 2658 1897 2736 fatigat,

361 2740 704 2819 Sparsurus
747 2745 986 2819 pavidis
1027 2745 1309 2802 incendia
1359 2744 1491 2801 dira
1535 2744 1781 2802 colonis.

359 2829 439 2885 Et
482 2827 600 2900 vel,
655 2828 708 2885 si
753 2847 874 2902 qua
917 2830 1084 2886 foras
1133 2829 1389 2886 audacia
1432 2830 1728 2905 provehit,
1772 2828 1936 2886 hosti

359 2913 742 2989 Improvisus
790 2913 984 2984 adest,
1030 2913 1124 2970 vel
1173 2915 1248 2972 ab
1292 2915 1458 2973 omni
1502 2922 1675 2990 parte
1720 2912 2021 2970 timendus

362 2997 726 3057 Castanides
776 3000 1000 3055 absens
1045 3000 1265 3057 animis
1312 3008 1635 3075 suspectus
1675 2999 1969 3068 inhaeret,

359 3083 789 3159 Increpuitque
829 3091 1074 3154 metum,
1124 3084 1262 3142 sola
1306 3084 1630 3142 formidine
1675 3084 1883 3141 victor.

360 3166 530 3240 Quae
571 3167 918 3244 Gardampa
959 3176 1093 3226 tuas
1139 3177 1504 3245 praetexunt
1544 3169 1774 3248 oppida
1813 3168 2004 3242 ripae,

358 3254 439 3310 Et
480 3273 633 3328 quae
681 3252 871 3312 Crosa
912 3262 1071 3325 tuas,
1120 3254 1382 3312 dominis
1430 3254 1657 3311 servire
1702 3261 1914 3312 coacta

311 3400 320 3409 ‚
360 3337 687 3410 Hostibus,
733 3338 942 3396 hostili
987 3358 1144 3397 nunc
1186 3348 1329 3397 sunt
1365 3346 1683 3415 praetenta
1724 3338 1933 3414 furori.

359 3422 494 3481 Nec
532 3432 677 3482 vota
717 3423 1035 3499 agricolae,
1078 3443 1192 3481 nec
1234 3444 1379 3501 spes
1417 3423 1725 3499 intercipit
1762 3423 1906 3480 anni

354 3509 474 3568 'Vel
507 3509 697 3567 libata
739 3505 948 3580 Ceres,
994 3509 1091 3567 vel
1133 3512 1384 3570 abactus
1433 3507 1621 3566 cultor
1665 3508 1867 3585 agelli.
