2452 4186
1146 244 1228 304 49

570 412 628 470 2.
719 415 793 470 In
835 415 1079 473 Ioannis
1122 416 1477 490 Bonnesonii
1521 416 1816 476 Poemata.

268 495 513 554 Prodite
560 515 746 554 aurea
784 498 1011 575 scripta
1053 500 1419 574 Bonnefom,

268 580 459 640 Prodi
506 581 765 638 candida
808 583 986 642 Musa
1028 584 1405 658 Bonnefonl,

269 666 352 726 Ut
401 667 600 725 doctis
642 666 822 724 etiam
866 668 1040 728 Italis
1086 671 1381 746 pudorem

269 751 598 828 Imponas‚⁴
632 752 848 826 quibus
896 753 961 811 in
1003 753 1263 813 Poe-tica
1305 755 1469 814 assis

269 835 411 894 Non
453 846 549 896 est
593 834 800 895 Gallia
834 845 1023 897 terra:
1070 859 1330 914 namque
1380 839 1526 898 solis

267 921 542 980 Romuli·
565 921 966 998 popularibus
1012 924 1311 999 Remique

269 1008 584 1066 Musarum
628 1007 960 1066 attribuunt
993 1010 1183 1067 salem
1213 1018 1392 1084 atque
1420 1015 1695 1086 gustum3

269 1091 355 1151 Ut
399 1111 648 1166 quorum
689 1093 923 1168 patrios
965 1095 1243 1168 utrinque
1284 1095 1438 1152 fines

272 1177 560 1236 Infernas
595 1196 760 1234 mare
805 1178 990 1254 cingit
1030 1188 1135 1237 aut
1178 1177 1511 1255 Supernas.
1597 1202 1606 1208 ·

271 1260 404 1319 Nos
452 1280 690 1338 vappae
732 1281 964 1334 sumus,
1011 1272 1189 1338 atque
1232 1264 1629 1339 Apollinares

273 1347 472 1407 Lixae
520 1347 755 1405 Musica
793 1356 995 1407 castra
1036 1356 1467 1425 pervagantes,

277 1432 452 1507 Quos
487 1450 600 1489 nec
640 1431 813 1490 Italis
857 1452 1005 1490 aura
1050 1433 1368 1510 vagientes

273 1517 547 1575 Primum
592 1518 923 1591 adflaverit,
981 1526 1086 1575 aut
1127 1519 1352 1581 Latina
1398 1537 1673 1584 mamma-

275 1603 403 1660 Lac
445 1602 808 1660 immulserit
846 1603 1108 1662 humidis
1157 1603 1421 1662 labellis.
1468 1666 1472 1673 ,

277 1688 372 1745 Tu
422 1695 635 1746 contra
675 1688 987 1746 Ausonios
1031 1689 1409 1766 pereleganti

276 1771 501 1831 Doctos
550 1773 815 1831 carmine
854 1792 1145 1849 provocas
1186 1773 1437 1833 Poetas.

279 1856 381 1919 Sic
436 1865 560 1929 est3
605 1858 888 1916 materies
931 1859 1070 1917 boni
1107 1858 1336 1916 Poetae

277 1945 455 2002 Merx
496 1950 591 2001 est
632 1943 898 2019 publica,
942 1962 1121 2017 quam
1161 1943 1268 2001 Dii
1309 1942 1557 2020 benigni

171 2086 176 2091 .
276 2029 567 2087 Vendunt
609 2028 887 2087 omnibus
932 2029 1209 2105 improbo
1256 2029 1482 2086 labore.

277 2114 458 2173 Hanc
502 2114 597 2171 cui
643 2134 760 2172 non
797 2114 965 2174 lubet
1007 2133 1145 2173 esse
1189 2114 1543 2193 negligenti,

276 2198 480 2258 Docta
519 2200 788 2258 Musicae
829 2200 891 2257 in
937 2200 1085 2258 artis
1127 2200 1372 2257 officina

281 2281 405 2344 Sub
453 2284 671 2341 incude
714 2283 938 2343 laboris
986 2303 1179 2358 usque
1218 2284 1478 2342 tundens

281 2366 435 2429 Sese
478 2369 736 2426 fabricat
774 2378 835 2426 et
872 2370 969 2428 sui
1008 2369 1234 2427 artifex
1273 2370 1371 2426 fit:

278 2453 412 2512 Nec
448 2454 680 2512 Romae
729 2454 880 2512 satis
929 2461 1022 2512 est
1059 2454 1254 2512 fuisse
1298 2461 1538 2522 natum3

282 2538 444 2597 Nam
492 2540 583 2611 fit,
631 2558 752 2596 non
791 2539 969 2597 modo
1015 2539 1286 2597 nascitur
1330 2538 1540 2595 Poeta.

566 2709 623 2767 3.
706 2712 785 2766 In
823 2709 1102 2766 Poemata
1147 2711 1274 2765 Iac.
1325 2706 1567 2765 Cortim'i
1611 2703 1844 2764 Ciseaei.

280 2795 410 2851 Iam
458 2794 576 2852 sibi
615 2794 798 2852 decus
843 2801 1158 2870 arrogarat
1196 2793 1412 2869 ingens

263 2875 498 2939 “Tellus
545 2879 704 2936 Itala
744 2879 935 2937 literis
983 2888 1043 2936 et
1086 2878 1300 2948 armis3

283 2963 439 3023 Cum
478 2964 720 3022 tandem
764 2974 945 3040 caput
986 2964 1246 3021 efferens
1285 2961 1551 3019 tenebris

280 3048 384 3107 Illi
429 3049 768 3125 praeripuit
812 3050 993 3107 decus
1040 3048 1246 3120 duelli,

287 3132 471 3193 Solas
515 3132 721 3193 Gallia
763 3134 971 3192 literas
1019 3131 1280 3207 reliquit.

284 3218 411 3277 Diu
454 3218 728 3278 constitit
775 3220 926 3276 haec
969 3217 1205 3291 utrique
1251 3213 1480 3291 palma,

285 3302 410 3361 Diu
456 3302 638 3361 laude
684 3321 815 3375 sua,
860 3322 971 3361 sua
1011 3302 1343 3380 palaestra,

291 3386 411 3448 Suo
455 3407 705 3446 munere
752 3388 986 3447 functus
1030 3395 1126 3446 est
1163 3393 1440 3461 uterque,

291 3472 506 3534 Gallus
553 3455 859 3531 manimus
904 3475 1042 3546 hoc,
1082 3472 1340 3530 Latinus
1384 3466 1527 3536 illo;
1627 3550 1661 3606 4
