2452 4186
1173 322 1297 381 387

319 490 498 551 Endo
544 490 863 567 procinctu
906 492 1212 550 cernentia
1251 510 1404 572 quae
1448 492 1687 567 agmina
1728 491 1892 550 ferro

318 576 400 635 Et
441 575 634 633 rixam
683 576 802 634 luis
845 575 1149 637 alterutris
1196 596 1277 635 ex
1321 572 1583 652 partibu’
1626 594 1885 652 pugnae,

318 661 415 719 In
439 659 606 718 bello
647 677 927 733 cernens,
970 669 1035 719 ut
1079 662 1214 737 quis
1257 661 1614 738 palmarium
1659 661 1935 736 adeptae,

321 744 473 819 Quis
523 754 586 803 tu
631 764 880 821 cumque
923 747 1133 805 favens
1180 753 1452 823 praestas
1500 745 1853 804 dulcissima
1895 753 2058 805 vota.

322 831 548 891 Omnia
588 850 726 888 nam
769 832 1095 905 moderare,
1139 841 1198 890 et
1242 831 1486 909 grandis
1532 831 1757 889 adorea
1792 831 1941 889 belli

321 915 482 974 Tota
532 935 612 974 ex
654 923 715 974 te
760 917 1005 992 pendet,
1049 917 1226 975 laetis
1271 917 1663 975 vitulantibus
1701 935 1950 994 augens.

320 995 522 1073 Quare
563 1001 679 1058 huc
723 1001 808 1060 sis
851 1003 1082 1075 venias,
1135 1003 1401 1079 cupienti
1444 1002 1565 1061 Dia
1602 1002 1894 1075 Dearum,

320 1082 580 1162 Semper
619 1087 934 1162 praeclaro
979 1088 1238 1164 iungens
1289 1088 1460 1163 operi
1501 1087 1742 1164 agmina
1785 1087 2050 1145 laudum.

798 1257 1062 1331 Apollini
1102 1257 1383 1330 suffimen,
1428 1275 1660 1313 manna.
2068 1257 2150 1315 33

314 1339 556 1397 Februe
603 1347 663 1396 te
702 1341 952 1399 Iuturna
992 1360 1233 1416 precor,
1273 1340 1592 1411 Tituicida,
1633 1340 1929 1415 Luperce,

321 1424 378 1484 O
420 1424 775 1500 Memphite,
815 1426 1098 1498 verende,
1143 1425 1437 1497 salutifer,
1479 1425 1639 1483 altor
1681 1426 2003 1500 honorum,

320 1509 378 1569 O
426 1509 665 1582 fidicen,
715 1509 984 1569 Consive
1022 1530 1264 1586 parens,
1312 1509 1553 1582 Utane,
1602 1508 1882 1586 Segeste,

320 1593 662 1654 Soriculate
704 1603 894 1671 pater,
938 1594 1250 1667 Vaticane,
1298 1594 1683 1668 excetricida,

315 1679 586 1751 Lucifer,
625 1681 910 1756 agrestis,
953 1698 1061 1737 rex
1100 1680 1385 1752 mustule,
1425 1676 1630 1737 nobili’
1676 1680 1891 1755 pubes,

313 1764 599 1836 Praesul,
641 1763 1118 1839 Casmoenisque
1162 1764 1479 1841 sagittifer,
1531 1766 2018 1840 arcitenensque,

315 1849 542 1910 Brume
590 1859 780 1925 pater,
826 1851 1306 1925 collimatorque,
1356 1850 1602 1922 obstite,
1645 1849 1923 1927 gemelle,

315 1934 505 1994 Delie
545 1954 679 2008 rex,
724 1936 826 2010 qui
871 1936 1170 1993 illustrem
1213 1936 1405 1993 aciem
1445 1936 1561 1992 huc
1598 1934 1843 2012 partiris
1886 1940 1947 1991 et
1983 1933 2149 2005 illuc,

315 2020 661 2092 Auricome,
706 2020 940 2099 integra
981 2028 1301 2098 praecepta
1341 2028 1518 2096 atque
1558 2019 1801 2079 oracula
1841 2020 2080 2078 fatanst*

313 2106 443 2164 Pro
489 2105 717 2182 populo
767 2115 1036 2165 orantem
1081 2127 1178 2165 me
1225 2103 1462 2165 coelitu’
1501 2107 1634 2166 vise
1673 2126 2028 2184 parumper:

314 2190 481 2250 Nam
525 2210 734 2250 susum
782 2192 1006 2268 aspicis
1051 2192 1442 2249 immoderata
1485 2193 1633 2249 haec
1677 2210 1935 2265 aequora
1976 2190 2152 2262 caeli,

316 2277 400 2337 Et
445 2295 662 2352 supera
706 2284 895 2334 terras
939 2285 998 2333 et
1037 2284 1279 2334 noctem
1323 2277 1529 2334 subter
1573 2293 1845 2350 opacam,

316 2361 517 2420 Nocte
562 2361 802 2432 silente,
853 2362 963 2419 sub
1011 2362 1259 2418 umbrae
1299 2359 1788 2436 signitenentibu’
1831 2357 2111 2416 flammis.

317 2447 587 2505 Radices
635 2446 899 2507 statuisti
944 2445 1131 2503 infra:
1158 2444 1404 2520 ‚tibique
1444 2444 1668 2501 extima
1707 2443 1915 2501 mundi

315 2532 403 2590 Et
443 2530 555 2589 tibi
597 2531 981 2607 principium,
1023 2530 1135 2588 tibi
1177 2529 1437 2589 solvitur
1482 2529 1679 2588 exitus
1725 2529 1952 2587 omnis:

318 2615 734 2689 Omnivirens,
781 2617 998 2674 fidibus
1044 2624 1109 2673 tu
1153 2614 1385 2674 coelica
1427 2614 1653 2691 templa
1696 2615 1935 2673 canoris

320 2701 786 2760 Permoderaris
830 2703 908 2758 ad
951 2702 1108 2759 imae
1151 2719 1311 2758 nunc
1356 2700 1618 2759 confinia
1660 2699 1846 2771 sediS,

318 2786 504 2845 Nunc
533 2787 610 2842 ad
633 2787 889 2862 primam
919 2787 1155 2858 iterum,
1181 2805 1340 2844 nunc
1370 2787 1446 2844 ad
1480 2783 1889 2844 modulamina
1911 2783 2109 2842 Dorii.

323 2870 572 2931 Ooelum
619 2891 857 2930 omnem
901 2871 1161 2943 varians,
1215 2871 1411 2931 varias
1459 2869 1785 2928 animantia
1835 2869 2019 2940 secla,
2095 2906 2096 2909 =

324 2956 670 3033 Temperiis
713 2957 1024 3014 hominum
1064 2954 1402 3028 moderans,
1445 2955 1719 3030 aequalia
1762 2954 1906 3026 fata,

323 3041 708 3100 Tantundem
753 3042 1015 3099 miscens
1060 3040 1398 3115 hiemisque
1446 3049 1626 3116 atque
1653 3039 1882 3097 aestuis
1908 3037 2152 3111 iisdem,

323 3127 702 3194 Discernens
748 3126 962 3203 primis
1007 3125 1286 3197 hiemem,
1330 3124 1715 3182 inferioribus
1758 3131 1987 3196 aestua,

325 3215 411 3271 At
458 3212 620 3270 veris
666 3212 820 3289 grati
866 3212 1132 3287 speciem
1169 3210 1567 3268 modulamine
1611 3208 1807 3267 Dorii.

325 3297 506 3358 Unde
551 3297 823 3355 homines
861 3294 964 3353 ted
1001 3295 1321 3372 indigitant
1360 3294 1713 3372 cognomine
1752 3313 1896 3352 vero

327 3383 603 3441 Faunum
647 3383 1042 3459 cornigerum,
1097 3388 1412 3440 ventorum
1456 3379 1635 3438 sibila
1679 3378 1984 3437 hiantem:

327 3466 510 3543 Quod
553 3468 756 3544 magni
802 3467 999 3525 omnis
1041 3465 1231 3523 habes
1275 3462 1588 3542 signacula
1632 3462 1889 3521 daedala
1927 3458 2159 3525 mundi.-

327 3552 470 3612 Huc
515 3552 698 3611 adeas
746 3553 888 3610 here
926 3550 1270 3609 flaminibus
1315 3568 1426 3627 pro
1474 3547 1749 3627 supplice
1786 3554 1945 3607 voto.

1615 3644 1747 3706 25*
