<?xml version="1.0" encoding="UTF-8"?>
<!DOCTYPE html PUBLIC "-//W3C//DTD XHTML 1.0 Transitional//EN"
    "http://www.w3.org/TR/xhtml1/DTD/xhtml1-transitional.dtd">
<html xmlns="http://www.w3.org/1999/xhtml" xml:lang="en" lang="en">
 <head>
  <title>
</title>
<meta http-equiv="Content-Type" content="text/html;charset=utf-8" />
  <meta name='ocr-system' content='tesseract 3.04.00' />
  <meta name='ocr-capabilities' content='ocr_page ocr_carea ocr_par ocr_line ocrx_word'/>
</head>
<body>
  <div class='ocr_page' id='page_1' title='image "./iosephiscaliger02scalgoog/iosephiscaliger02scalgoog_0069.png"; bbox 0 0 2452 4186; ppageno 0'>
   <div class='ocr_carea' id='block_1_1' title="bbox 1040 314 1121 374">
    <p class='ocr_par' dir='ltr' id='par_1_1' title="bbox 1040 314 1121 374">
     <span class='ocr_line' id='line_1_1' title="bbox 1040 314 1121 374; baseline -0.012 0"><span class='ocrx_word' id='word_1_1' title='bbox 1040 314 1121 374; x_wconf 87' lang='grc'>67</span> 
     </span>
    </p>
   </div>
   <div class='ocr_carea' id='block_1_2' title="bbox 936 401 1235 409">
    <p class='ocr_par' dir='ltr' id='par_1_2' title="bbox 936 401 1235 409">
     <span class='ocr_line' id='line_1_2' title="bbox 936 401 1235 409; baseline 0 3777"><span class='ocrx_word' id='word_1_2' title='bbox 936 401 1235 409; x_wconf 95' lang='lat' dir='ltr'> </span> 
     </span>
    </p>
   </div>
   <div class='ocr_carea' id='block_1_3' title="bbox 177 470 1948 1749">
    <p class='ocr_par' dir='ltr' id='par_1_3' title="bbox 257 470 1632 560">
     <span class='ocr_line' id='line_1_3' title="bbox 257 470 1632 560; baseline -0.001 -19"><span class='ocrx_word' id='word_1_3' title='bbox 257 486 448 558; x_wconf 86' lang='lat' dir='ltr'><strong>Atque</strong></span> <span class='ocrx_word' id='word_1_4' title='bbox 496 483 666 560; x_wconf 84' lang='lat' dir='ltr'>gravi</span> <span class='ocrx_word' id='word_1_5' title='bbox 705 470 902 540; x_wconf 71' lang='lat' dir='ltr'>rerum</span> <span class='ocrx_word' id='word_1_6' title='bbox 950 485 1117 543; x_wconf 87' lang='lat' dir='ltr'>fasce</span> <span class='ocrx_word' id='word_1_7' title='bbox 1155 484 1359 542; x_wconf 86' lang='lat' dir='ltr'>levare</span> <span class='ocrx_word' id='word_1_8' title='bbox 1406 501 1632 542; x_wconf 86' lang='lat' dir='ltr'>senem.</span> 
     </span>
    </p>

    <p class='ocr_par' dir='ltr' id='par_1_4' title="bbox 188 568 1818 728">
     <span class='ocr_line' id='line_1_4' title="bbox 188 568 1817 645; baseline -0.001 -16"><span class='ocrx_word' id='word_1_9' title='bbox 188 570 253 629; x_wconf 83' lang='lat' dir='ltr'>Et</span> <span class='ocrx_word' id='word_1_10' title='bbox 287 569 396 626; x_wconf 85' lang='lat' dir='ltr'>tibi</span> <span class='ocrx_word' id='word_1_11' title='bbox 443 588 568 626; x_wconf 88' lang='lat' dir='ltr'>non</span> <span class='ocrx_word' id='word_1_12' title='bbox 615 569 865 625; x_wconf 82' lang='lat' dir='ltr'><strong>deerant</strong></span> <span class='ocrx_word' id='word_1_13' title='bbox 908 570 1044 628; x_wconf 90' lang='lat' dir='ltr'>istis</span> <span class='ocrx_word' id='word_1_14' title='bbox 1090 570 1241 628; x_wconf 87' lang='lat' dir='ltr'>satis</span> <span class='ocrx_word' id='word_1_15' title='bbox 1290 568 1495 644; x_wconf 90' lang='lat' dir='ltr'>ampla</span> <span class='ocrx_word' id='word_1_16' title='bbox 1538 569 1817 645; x_wconf 80' lang='lat' dir='ltr'>gerendis</span> 
     </span>
     <span class='ocr_line' id='line_1_5' title="bbox 254 653 1818 728; baseline 0.001 -18"><span class='ocrx_word' id='word_1_17' title='bbox 254 653 591 724; x_wconf 79' lang='lat' dir='ltr'>Praesidia,</span> <span class='ocrx_word' id='word_1_18' title='bbox 634 660 695 709; x_wconf 90' lang='lat' dir='ltr'>et</span> <span class='ocrx_word' id='word_1_19' title='bbox 732 661 1011 728; x_wconf 85' lang='lat' dir='ltr'>poterant</span> <span class='ocrx_word' id='word_1_20' title='bbox 1050 656 1202 711; x_wconf 87' lang='lat' dir='ltr'>haec</span> <span class='ocrx_word' id='word_1_21' title='bbox 1248 671 1402 710; x_wconf 88' lang='lat' dir='ltr'>onus</span> <span class='ocrx_word' id='word_1_22' title='bbox 1452 672 1590 712; x_wconf 86' lang='lat' dir='ltr'>esse</span> <span class='ocrx_word' id='word_1_23' title='bbox 1633 662 1818 712; x_wconf 88' lang='lat' dir='ltr'>tuum.</span> 
     </span>
    </p>

    <p class='ocr_par' dir='ltr' id='par_1_5' title="bbox 186 737 1849 899">
     <span class='ocr_line' id='line_1_6' title="bbox 186 737 1849 812; baseline 0.002 -16"><span class='ocrx_word' id='word_1_24' title='bbox 186 737 327 796; x_wconf 87' lang='lat' dir='ltr'>Nam</span> <span class='ocrx_word' id='word_1_25' title='bbox 366 738 474 795; x_wconf 87' lang='lat' dir='ltr'>tibi</span> <span class='ocrx_word' id='word_1_26' title='bbox 523 739 615 796; x_wconf 84' lang='lat' dir='ltr'>vis</span> <span class='ocrx_word' id='word_1_27' title='bbox 657 738 942 812; x_wconf 81' lang='lat' dir='ltr'>prudens,</span> <span class='ocrx_word' id='word_1_28' title='bbox 991 747 1051 797; x_wconf 88' lang='lat' dir='ltr'>et</span> <span class='ocrx_word' id='word_1_29' title='bbox 1088 758 1292 796; x_wconf 90' lang='lat' dir='ltr'>rerum</span> <span class='ocrx_word' id='word_1_30' title='bbox 1332 739 1634 797; x_wconf 88' lang='lat' dir='ltr'>maximus</span> <span class='ocrx_word' id='word_1_31' title='bbox 1680 758 1849 812; x_wconf 80' lang='lat' dir='ltr'>usus,</span> 
     </span>
     <span class='ocr_line' id='line_1_7' title="bbox 255 822 1488 899; baseline 0.002 -20"><span class='ocrx_word' id='word_1_32' title='bbox 255 822 332 879; x_wconf 88' lang='lat' dir='ltr'>Et</span> <span class='ocrx_word' id='word_1_33' title='bbox 373 822 660 898; x_wconf 86' lang='lat' dir='ltr'>gravibus</span> <span class='ocrx_word' id='word_1_34' title='bbox 705 823 862 881; x_wconf 85' lang='lat' dir='ltr'>curis</span> <span class='ocrx_word' id='word_1_35' title='bbox 905 825 1051 881; x_wconf 87' lang='lat' dir='ltr'>utile</span> <span class='ocrx_word' id='word_1_36' title='bbox 1086 832 1297 899; x_wconf 87' lang='lat' dir='ltr'>pectus</span> <span class='ocrx_word' id='word_1_37' title='bbox 1342 832 1488 881; x_wconf 89' lang='lat' dir='ltr'>erat.</span> 
     </span>
    </p>

    <p class='ocr_par' dir='ltr' id='par_1_6' title="bbox 186 907 1669 1069">
     <span class='ocr_line' id='line_1_8' title="bbox 186 907 1669 985; baseline -0.001 -19"><span class='ocrx_word' id='word_1_38' title='bbox 186 907 332 981; x_wconf 89' lang='lat' dir='ltr'>Quas</span> <span class='ocrx_word' id='word_1_39' title='bbox 371 907 543 965; x_wconf 90' lang='lat' dir='ltr'>dotes</span> <span class='ocrx_word' id='word_1_40' title='bbox 590 926 707 964; x_wconf 90' lang='lat' dir='ltr'>uuo</span> <span class='ocrx_word' id='word_1_41' title='bbox 747 907 965 968; x_wconf 86' lang='lat' dir='ltr'>clausit</span> <span class='ocrx_word' id='word_1_42' title='bbox 1002 921 1160 966; x_wconf 84' lang='lat' dir='ltr'>mors</span> <span class='ocrx_word' id='word_1_43' title='bbox 1205 910 1379 985; x_wconf 86' lang='lat' dir='ltr'>nigra</span> <span class='ocrx_word' id='word_1_44' title='bbox 1419 909 1669 980; x_wconf 82' lang='lat' dir='ltr'>feretro,</span> 
     </span>
     <span class='ocr_line' id='line_1_9' title="bbox 253 991 1659 1069; baseline 0.001 -19"><span class='ocrx_word' id='word_1_45' title='bbox 253 995 340 1050; x_wconf 89' lang='lat' dir='ltr'>Ac</span> <span class='ocrx_word' id='word_1_46' title='bbox 383 1010 590 1050; x_wconf 89' lang='lat' dir='ltr'>secum</span> <span class='ocrx_word' id='word_1_47' title='bbox 631 991 832 1051; x_wconf 89' lang='lat' dir='ltr'>Patris</span> <span class='ocrx_word' id='word_1_48' title='bbox 879 1002 1128 1068; x_wconf 85' lang='lat' dir='ltr'>votaque</span> <span class='ocrx_word' id='word_1_49' title='bbox 1170 1012 1461 1069; x_wconf 78' lang='lat' dir='ltr'>spemque</span> <span class='ocrx_word' id='word_1_50' title='bbox 1505 994 1659 1051; x_wconf 88' lang='lat' dir='ltr'>tulit.</span> 
     </span>
    </p>

    <p class='ocr_par' dir='ltr' id='par_1_7' title="bbox 183 1079 1760 1237">
     <span class='ocr_line' id='line_1_10' title="bbox 183 1079 1760 1154; baseline 0 -18"><span class='ocrx_word' id='word_1_51' title='bbox 183 1081 252 1136; x_wconf 88' lang='lat' dir='ltr'>At</span> <span class='ocrx_word' id='word_1_52' title='bbox 286 1095 422 1149; x_wconf 86' lang='lat' dir='ltr'>vos,</span> <span class='ocrx_word' id='word_1_53' title='bbox 467 1098 504 1133; x_wconf 95' lang='grc'><strong>0</strong></span> <span class='ocrx_word' id='word_1_54' title='bbox 546 1095 850 1151; x_wconf 75' lang='lat' dir='ltr'>proceres,</span> <span class='ocrx_word' id='word_1_55' title='bbox 897 1079 1091 1150; x_wconf 77' lang='lat' dir='ltr'>caelo,</span> <span class='ocrx_word' id='word_1_56' title='bbox 1138 1079 1243 1154; x_wconf 91' lang='lat' dir='ltr'>pia</span> <span class='ocrx_word' id='word_1_57' title='bbox 1284 1079 1459 1136; x_wconf 90' lang='lat' dir='ltr'>turba</span> <span class='ocrx_word' id='word_1_58' title='bbox 1497 1087 1760 1154; x_wconf 79' lang='lat' dir='ltr'>recepta,</span> 
     </span>
     <span class='ocr_line' id='line_1_11' title="bbox 253 1161 1665 1237; baseline 0.001 -19"><span class='ocrx_word' id='word_1_59' title='bbox 253 1161 639 1237; x_wconf 83' lang='lat' dir='ltr'>Principibus</span> <span class='ocrx_word' id='word_1_60' title='bbox 680 1163 895 1237; x_wconf 88' lang='lat' dir='ltr'>quibus</span> <span class='ocrx_word' id='word_1_61' title='bbox 941 1172 1035 1221; x_wconf 85' lang='lat' dir='ltr'>est</span> <span class='ocrx_word' id='word_1_62' title='bbox 1077 1162 1259 1222; x_wconf 90' lang='lat' dir='ltr'>Curia</span> <span class='ocrx_word' id='word_1_63' title='bbox 1294 1170 1459 1220; x_wconf 88' lang='lat' dir='ltr'>recta</span> <span class='ocrx_word' id='word_1_64' title='bbox 1495 1163 1665 1235; x_wconf 84' lang='lat' dir='ltr'>viris,</span> 
     </span>
    </p>

    <p class='ocr_par' dir='ltr' id='par_1_8' title="bbox 183 1247 1746 1407">
     <span class='ocr_line' id='line_1_12' title="bbox 183 1247 1744 1322; baseline 0.001 -19"><span class='ocrx_word' id='word_1_65' title='bbox 183 1247 348 1304; x_wconf 92' lang='lat' dir='ltr'>Alma</span> <span class='ocrx_word' id='word_1_66' title='bbox 393 1247 613 1322; x_wconf 89' lang='lat' dir='ltr'>quibus</span> <span class='ocrx_word' id='word_1_67' title='bbox 658 1247 879 1322; x_wconf 87' lang='lat' dir='ltr'>pietas,</span> <span class='ocrx_word' id='word_1_68' title='bbox 928 1256 987 1305; x_wconf 91' lang='lat' dir='ltr'>et</span> <span class='ocrx_word' id='word_1_69' title='bbox 1031 1247 1523 1307; x_wconf 79' lang='lat' dir='ltr'>servantissimus</span> <span class='ocrx_word' id='word_1_70' title='bbox 1567 1249 1744 1322; x_wconf 89' lang='lat' dir='ltr'>aequi</span> 
     </span>
     <span class='ocr_line' id='line_1_13' title="bbox 254 1331 1746 1407; baseline 0 -17"><span class='ocrx_word' id='word_1_71' title='bbox 254 1331 510 1407; x_wconf 89' lang='lat' dir='ltr'>Semper</span> <span class='ocrx_word' id='word_1_72' title='bbox 554 1350 725 1390; x_wconf 90' lang='lat' dir='ltr'>amor</span> <span class='ocrx_word' id='word_1_73' title='bbox 764 1333 1005 1389; x_wconf 83' lang='lat' dir='ltr'>facilem</span> <span class='ocrx_word' id='word_1_74' title='bbox 1047 1334 1192 1390; x_wconf 84' lang='lat' dir='ltr'>fecit</span> <span class='ocrx_word' id='word_1_75' title='bbox 1233 1333 1308 1389; x_wconf 87' lang='lat' dir='ltr'>ad</span> <span class='ocrx_word' id='word_1_76' title='bbox 1352 1340 1519 1389; x_wconf 88' lang='lat' dir='ltr'>astra</span> <span class='ocrx_word' id='word_1_77' title='bbox 1559 1333 1746 1390; x_wconf 85' lang='lat' dir='ltr'>viam:</span> 
     </span>
    </p>

    <p class='ocr_par' dir='ltr' id='par_1_9' title="bbox 180 1416 1948 1572">
     <span class='ocr_line' id='line_1_14' title="bbox 180 1416 1948 1492; baseline -0.001 -17"><span class='ocrx_word' id='word_1_78' title='bbox 180 1417 442 1492; x_wconf 83' lang='lat' dir='ltr'>Accipite</span> <span class='ocrx_word' id='word_1_79' title='bbox 480 1417 635 1473; x_wconf 89' lang='lat' dir='ltr'>hanc</span> <span class='ocrx_word' id='word_1_80' title='bbox 683 1417 963 1476; x_wconf 89' lang='lat' dir='ltr'>animam.</span> <span class='ocrx_word' id='word_1_81' title='bbox 1009 1437 1135 1475; x_wconf 90' lang='lat' dir='ltr'>non</span> <span class='ocrx_word' id='word_1_82' title='bbox 1181 1426 1275 1476; x_wconf 88' lang='lat' dir='ltr'>est</span> <span class='ocrx_word' id='word_1_83' title='bbox 1317 1435 1390 1473; x_wconf 90' lang='lat' dir='ltr'>ea</span> <span class='ocrx_word' id='word_1_84' title='bbox 1431 1418 1679 1474; x_wconf 87' lang='lat' dir='ltr'>conscia</span> <span class='ocrx_word' id='word_1_85' title='bbox 1719 1416 1948 1490; x_wconf 85' lang='lat' dir='ltr'>culpae.</span> 
     </span>
     <span class='ocr_line' id='line_1_15' title="bbox 252 1501 1484 1572; baseline -0.001 -14"><span class='ocrx_word' id='word_1_86' title='bbox 252 1502 581 1558; x_wconf 86' lang='lat' dir='ltr'>Immatura</span> <span class='ocrx_word' id='word_1_87' title='bbox 622 1502 699 1558; x_wconf 89' lang='lat' dir='ltr'>ad</span> <span class='ocrx_word' id='word_1_88' title='bbox 737 1521 850 1561; x_wconf 85' lang='lat' dir='ltr'>vos</span> <span class='ocrx_word' id='word_1_89' title='bbox 901 1502 1133 1561; x_wconf 84' lang='lat' dir='ltr'>venerit</span> <span class='ocrx_word' id='word_1_90' title='bbox 1173 1502 1282 1559; x_wconf 93' lang='lat' dir='ltr'>illa</span> <span class='ocrx_word' id='word_1_91' title='bbox 1322 1501 1484 1572; x_wconf 80' lang='lat' dir='ltr'>licet,</span> 
     </span>
    </p>

    <p class='ocr_par' dir='ltr' id='par_1_10' title="bbox 177 1584 1856 1749">
     <span class='ocr_line' id='line_1_16' title="bbox 177 1584 1856 1664; baseline -0.001 -20"><span class='ocrx_word' id='word_1_92' title='bbox 177 1587 454 1661; x_wconf 88' lang='lat' dir='ltr'>Accipite.</span> <span class='ocrx_word' id='word_1_93' title='bbox 498 1585 571 1642; x_wconf 91' lang='lat' dir='ltr'>In</span> <span class='ocrx_word' id='word_1_94' title='bbox 621 1588 798 1645; x_wconf 92' lang='lat' dir='ltr'>terris</span> <span class='ocrx_word' id='word_1_95' title='bbox 842 1606 1123 1664; x_wconf 89' lang='lat' dir='ltr'>magnum</span> <span class='ocrx_word' id='word_1_96' title='bbox 1165 1606 1376 1664; x_wconf 89' lang='lat' dir='ltr'>regere</span> <span class='ocrx_word' id='word_1_97' title='bbox 1417 1586 1525 1643; x_wconf 90' lang='lat' dir='ltr'>illa</span> <span class='ocrx_word' id='word_1_98' title='bbox 1569 1584 1856 1645; x_wconf 83' lang='lat' dir='ltr'>Senatum</span> 
     </span>
     <span class='ocr_line' id='line_1_17' title="bbox 252 1670 1589 1749; baseline 0 -21"><span class='ocrx_word' id='word_1_99' title='bbox 252 1670 493 1728; x_wconf 89' lang='lat' dir='ltr'>Debuit.</span> <span class='ocrx_word' id='word_1_100' title='bbox 530 1671 594 1726; x_wconf 92' lang='lat' dir='ltr'>in</span> <span class='ocrx_word' id='word_1_101' title='bbox 640 1691 860 1748; x_wconf 85' lang='lat' dir='ltr'>magno</span> <span class='ocrx_word' id='word_1_102' title='bbox 911 1692 1016 1732; x_wconf 85' lang='lat' dir='ltr'>vos</span> <span class='ocrx_word' id='word_1_103' title='bbox 1058 1680 1232 1749; x_wconf 85' lang='lat' dir='ltr'>regat</span> <span class='ocrx_word' id='word_1_104' title='bbox 1274 1671 1381 1728; x_wconf 91' lang='lat' dir='ltr'>illa</span> <span class='ocrx_word' id='word_1_105' title='bbox 1422 1671 1589 1747; x_wconf 91' lang='lat' dir='ltr'>polo.</span> 
     </span>
    </p>
   </div>
   <div class='ocr_carea' id='block_1_4' title="bbox 170 1840 1986 3615">
    <p class='ocr_par' dir='ltr' id='par_1_11' title="bbox 173 1840 1837 2258">
     <span class='ocr_line' id='line_1_18' title="bbox 311 1840 1830 1916; baseline 0.002 -20"><span class='ocrx_word' id='word_1_106' title='bbox 311 1842 366 1897; x_wconf 89' lang='grc'>3.</span> <span class='ocrx_word' id='word_1_107' title='bbox 459 1841 785 1916; x_wconf 80' lang='lat' dir='ltr'>Epicedion</span> <span class='ocrx_word' id='word_1_108' title='bbox 826 1842 1066 1899; x_wconf 76' lang='lat' dir='ltr'>Hem-ici</span> <span class='ocrx_word' id='word_1_109' title='bbox 1115 1840 1382 1898; x_wconf 78' lang='lat' dir='ltr'>Castanei</span> <span class='ocrx_word' id='word_1_110' title='bbox 1428 1840 1714 1898; x_wconf 80' lang='lat' dir='ltr'>Ludovici</span> <span class='ocrx_word' id='word_1_111' title='bbox 1757 1844 1830 1899; x_wconf 81' lang='lat' dir='ltr'>F.</span> 
     </span>
     <span class='ocr_line' id='line_1_19' title="bbox 179 1923 1813 2001; baseline 0.002 -20"><span class='ocrx_word' id='word_1_112' title='bbox 179 1923 520 2000; x_wconf 84' lang='lat' dir='ltr'>Quicunque</span> <span class='ocrx_word' id='word_1_113' title='bbox 565 1927 893 1984; x_wconf 88' lang='lat' dir='ltr'>immensos</span> <span class='ocrx_word' id='word_1_114' title='bbox 938 1925 1164 1984; x_wconf 89' lang='lat' dir='ltr'>moliris</span> <span class='ocrx_word' id='word_1_115' title='bbox 1212 1934 1414 1983; x_wconf 86' lang='lat' dir='ltr'>mente</span> <span class='ocrx_word' id='word_1_116' title='bbox 1451 1925 1813 2001; x_wconf 77' lang='lat' dir='ltr'>triumphos,</span> 
     </span>
     <span class='ocr_line' id='line_1_20' title="bbox 176 2010 1650 2086; baseline -0.001 -19"><span class='ocrx_word' id='word_1_117' title='bbox 176 2010 414 2068; x_wconf 87' lang='lat' dir='ltr'>Absiste</span> <span class='ocrx_word' id='word_1_118' title='bbox 460 2011 696 2069; x_wconf 90' lang='lat' dir='ltr'>insanis</span> <span class='ocrx_word' id='word_1_119' title='bbox 742 2010 927 2085; x_wconf 88' lang='lat' dir='ltr'>(vana</span> <span class='ocrx_word' id='word_1_120' title='bbox 968 2018 1060 2068; x_wconf 89' lang='lat' dir='ltr'>est</span> <span class='ocrx_word' id='word_1_121' title='bbox 1104 2010 1355 2086; x_wconf 88' lang='lat' dir='ltr'>fiducia)</span> <span class='ocrx_word' id='word_1_122' title='bbox 1398 2010 1650 2085; x_wconf 89' lang='lat' dir='ltr'>caeptis.</span> 
     </span>
     <span class='ocr_line' id='line_1_21' title="bbox 177 2092 1837 2173; baseline 0.001 -22"><span class='ocrx_word' id='word_1_123' title='bbox 177 2092 430 2169; x_wconf 84' lang='lat' dir='ltr'>Quisque</span> <span class='ocrx_word' id='word_1_124' title='bbox 473 2114 618 2154; x_wconf 89' lang='lat' dir='ltr'>suas</span> <span class='ocrx_word' id='word_1_125' title='bbox 664 2115 946 2173; x_wconf 86' lang='lat' dir='ltr'>urgemus</span> <span class='ocrx_word' id='word_1_126' title='bbox 992 2115 1173 2172; x_wconf 87' lang='lat' dir='ltr'>opes:</span> <span class='ocrx_word' id='word_1_127' title='bbox 1211 2115 1323 2171; x_wconf 89' lang='lat' dir='ltr'>spe</span> <span class='ocrx_word' id='word_1_128' title='bbox 1369 2096 1639 2153; x_wconf 86' lang='lat' dir='ltr'>maxima</span> <span class='ocrx_word' id='word_1_129' title='bbox 1677 2097 1837 2153; x_wconf 90' lang='lat' dir='ltr'>facta</span> 
     </span>
     <span class='ocr_line' id='line_1_22' title="bbox 173 2178 1811 2258; baseline 0.002 -22"><span class='ocrx_word' id='word_1_130' title='bbox 173 2178 600 2256; x_wconf 88' lang='lat' dir='ltr'>Praecipimus.</span> <span class='ocrx_word' id='word_1_131' title='bbox 645 2200 804 2240; x_wconf 88' lang='lat' dir='ltr'>mors</span> <span class='ocrx_word' id='word_1_132' title='bbox 847 2190 979 2239; x_wconf 87' lang='lat' dir='ltr'>atra</span> <span class='ocrx_word' id='word_1_133' title='bbox 1019 2182 1207 2258; x_wconf 88' lang='lat' dir='ltr'>nigris</span> <span class='ocrx_word' id='word_1_134' title='bbox 1252 2180 1636 2239; x_wconf 87' lang='lat' dir='ltr'>circumvolat</span> <span class='ocrx_word' id='word_1_135' title='bbox 1674 2182 1811 2253; x_wconf 85' lang='lat' dir='ltr'>alis,</span> 
     </span>
    </p>

    <p class='ocr_par' dir='ltr' id='par_1_12' title="bbox 175 2264 1706 2343">
     <span class='ocr_line' id='line_1_23' title="bbox 175 2264 1706 2343; baseline 0.001 -22"><span class='ocrx_word' id='word_1_136' title='bbox 175 2264 244 2321; x_wconf 88' lang='lat' dir='ltr'>Et</span> <span class='ocrx_word' id='word_1_137' title='bbox 281 2284 461 2323; x_wconf 90' lang='lat' dir='ltr'>cursu</span> <span class='ocrx_word' id='word_1_138' title='bbox 507 2266 570 2322; x_wconf 93' lang='lat' dir='ltr'>in</span> <span class='ocrx_word' id='word_1_139' title='bbox 614 2267 814 2324; x_wconf 90' lang='lat' dir='ltr'>medio</span> <span class='ocrx_word' id='word_1_140' title='bbox 856 2274 992 2323; x_wconf 88' lang='lat' dir='ltr'>vota</span> <span class='ocrx_word' id='word_1_141' title='bbox 1033 2266 1388 2341; x_wconf 84' lang='lat' dir='ltr'>imperfecta</span> <span class='ocrx_word' id='word_1_142' title='bbox 1428 2275 1706 2343; x_wconf 76' lang='lat' dir='ltr'>moratur.</span> 
     </span>
    </p>

    <p class='ocr_par' dir='ltr' id='par_1_13' title="bbox 171 2348 1986 2680">
     <span class='ocr_line' id='line_1_24' title="bbox 173 2348 1986 2426; baseline 0.002 -20"><span class='ocrx_word' id='word_1_143' title='bbox 173 2348 258 2406; x_wconf 89' lang='lat' dir='ltr'>En</span> <span class='ocrx_word' id='word_1_144' title='bbox 299 2351 472 2407; x_wconf 89' lang='lat' dir='ltr'>modo</span> <span class='ocrx_word' id='word_1_145' title='bbox 518 2370 694 2424; x_wconf 90' lang='lat' dir='ltr'>quem</span> <span class='ocrx_word' id='word_1_146' title='bbox 739 2351 1014 2410; x_wconf 88' lang='lat' dir='ltr'>sublimis</span> <span class='ocrx_word' id='word_1_147' title='bbox 1059 2370 1235 2425; x_wconf 83' lang='lat' dir='ltr'>apex,</span> <span class='ocrx_word' id='word_1_148' title='bbox 1276 2370 1454 2426; x_wconf 90' lang='lat' dir='ltr'>quem</span> <span class='ocrx_word' id='word_1_149' title='bbox 1494 2351 1658 2406; x_wconf 89' lang='lat' dir='ltr'>clara</span> <span class='ocrx_word' id='word_1_150' title='bbox 1699 2354 1986 2411; x_wconf 87' lang='lat' dir='ltr'>manebat</span> 
     </span>
     <span class='ocr_line' id='line_1_25' title="bbox 176 2432 1840 2513; baseline 0.001 -22"><span class='ocrx_word' id='word_1_151' title='bbox 176 2432 401 2506; x_wconf 81' lang='lat' dir='ltr'>Gloria,</span> <span class='ocrx_word' id='word_1_152' title='bbox 443 2435 547 2508; x_wconf 91' lang='lat' dir='ltr'>qui</span> <span class='ocrx_word' id='word_1_153' title='bbox 591 2436 780 2513; x_wconf 87' lang='lat' dir='ltr'>gestis</span> <span class='ocrx_word' id='word_1_154' title='bbox 823 2436 1005 2494; x_wconf 84' lang='lat' dir='ltr'>modo</span> <span class='ocrx_word' id='word_1_155' title='bbox 1047 2437 1252 2506; x_wconf 80' lang='lat' dir='ltr'>rebus,</span> <span class='ocrx_word' id='word_1_156' title='bbox 1301 2443 1360 2492; x_wconf 88' lang='lat' dir='ltr'>et</span> <span class='ocrx_word' id='word_1_157' title='bbox 1400 2435 1599 2491; x_wconf 88' lang='lat' dir='ltr'>indole</span> <span class='ocrx_word' id='word_1_158' title='bbox 1645 2435 1840 2510; x_wconf 89' lang='lat' dir='ltr'>prima</span> 
     </span>
     <span class='ocr_line' id='line_1_26' title="bbox 174 2516 1739 2597; baseline 0.001 -21"><span class='ocrx_word' id='word_1_159' title='bbox 174 2516 527 2577; x_wconf 87' lang='lat' dir='ltr'>Cunctorum</span> <span class='ocrx_word' id='word_1_160' title='bbox 576 2521 775 2578; x_wconf 89' lang='lat' dir='ltr'>studia</span> <span class='ocrx_word' id='word_1_161' title='bbox 814 2530 873 2578; x_wconf 87' lang='lat' dir='ltr'>et</span> <span class='ocrx_word' id='word_1_162' title='bbox 917 2540 1059 2597; x_wconf 89' lang='lat' dir='ltr'>spes</span> <span class='ocrx_word' id='word_1_163' title='bbox 1100 2519 1462 2578; x_wconf 86' lang='lat' dir='ltr'>incendebat</span> <span class='ocrx_word' id='word_1_164' title='bbox 1501 2519 1739 2591; x_wconf 79' lang='lat' dir='ltr'>inanes,</span> 
     </span>
     <span class='ocr_line' id='line_1_27' title="bbox 171 2603 1760 2680; baseline 0 -20"><span class='ocrx_word' id='word_1_165' title='bbox 171 2603 475 2679; x_wconf 87' lang='lat' dir='ltr'>Exequias</span> <span class='ocrx_word' id='word_1_166' title='bbox 521 2605 711 2662; x_wconf 88' lang='lat' dir='ltr'>fertur</span> <span class='ocrx_word' id='word_1_167' title='bbox 748 2606 1006 2677; x_wconf 83' lang='lat' dir='ltr'>iuvenis,</span> <span class='ocrx_word' id='word_1_168' title='bbox 1046 2605 1450 2680; x_wconf 84' lang='lat' dir='ltr'>lacrimasque</span> <span class='ocrx_word' id='word_1_169' title='bbox 1493 2622 1760 2676; x_wconf 80' lang='lat' dir='ltr'>suorum,</span> 
     </span>
    </p>

    <p class='ocr_par' dir='ltr' id='par_1_14' title="bbox 170 2687 1935 3020">
     <span class='ocr_line' id='line_1_28' title="bbox 170 2687 1748 2766; baseline 0 -21"><span class='ocrx_word' id='word_1_170' title='bbox 170 2687 243 2745; x_wconf 84' lang='lat' dir='ltr'>Et</span> <span class='ocrx_word' id='word_1_171' title='bbox 283 2690 394 2746; x_wconf 84' lang='lat' dir='ltr'>fati</span> <span class='ocrx_word' id='word_1_172' title='bbox 431 2690 720 2748; x_wconf 86' lang='lat' dir='ltr'>invidiam</span> <span class='ocrx_word' id='word_1_173' title='bbox 771 2709 973 2748; x_wconf 90' lang='lat' dir='ltr'>secum</span> <span class='ocrx_word' id='word_1_174' title='bbox 1014 2690 1213 2747; x_wconf 87' lang='lat' dir='ltr'>trahit.</span> <span class='ocrx_word' id='word_1_175' title='bbox 1260 2689 1485 2766; x_wconf 88' lang='lat' dir='ltr'>Aspice</span> <span class='ocrx_word' id='word_1_176' title='bbox 1528 2698 1748 2763; x_wconf 90' lang='lat' dir='ltr'>quanto</span> 
     </span>
     <span class='ocr_line' id='line_1_29' title="bbox 170 2771 1935 2852; baseline 0.003 -23"><span class='ocrx_word' id='word_1_177' title='bbox 170 2771 450 2831; x_wconf 84' lang='lat' dir='ltr'>Defertur</span> <span class='ocrx_word' id='word_1_178' title='bbox 491 2776 777 2833; x_wconf 89' lang='lat' dir='ltr'>comitum</span> <span class='ocrx_word' id='word_1_179' title='bbox 814 2776 1058 2852; x_wconf 81' lang='lat' dir='ltr'>gemitu,</span> <span class='ocrx_word' id='word_1_180' title='bbox 1105 2784 1329 2849; x_wconf 89' lang='lat' dir='ltr'>quanto</span> <span class='ocrx_word' id='word_1_181' title='bbox 1376 2775 1615 2851; x_wconf 85' lang='lat' dir='ltr'>agmine</span> <span class='ocrx_word' id='word_1_182' title='bbox 1657 2795 1935 2851; x_wconf 88' lang='lat' dir='ltr'>pompae.</span> 
     </span>
     <span class='ocr_line' id='line_1_30' title="bbox 172 2856 1726 2936; baseline 0.001 -21"><span class='ocrx_word' id='word_1_183' title='bbox 172 2856 299 2915; x_wconf 90' lang='lat' dir='ltr'>Heu</span> <span class='ocrx_word' id='word_1_184' title='bbox 341 2859 505 2917; x_wconf 89' lang='lat' dir='ltr'>bello</span> <span class='ocrx_word' id='word_1_185' title='bbox 553 2863 914 2936; x_wconf 80' lang='lat' dir='ltr'>properatus</span> <span class='ocrx_word' id='word_1_186' title='bbox 951 2861 1174 2931; x_wconf 78' lang='lat' dir='ltr'>honoS‚</span> <span class='ocrx_word' id='word_1_187' title='bbox 1208 2868 1268 2916; x_wconf 91' lang='lat' dir='ltr'>et</span> <span class='ocrx_word' id='word_1_188' title='bbox 1298 2861 1545 2936; x_wconf 85' lang='lat' dir='ltr'>puberis</span> <span class='ocrx_word' id='word_1_189' title='bbox 1592 2862 1726 2916; x_wconf 87' lang='lat' dir='ltr'>aevi</span> 
     </span>
     <span class='ocr_line' id='line_1_31' title="bbox 171 2941 1640 3020; baseline 0.001 -21"><span class='ocrx_word' id='word_1_190' title='bbox 171 2941 400 3002; x_wconf 87' lang='lat' dir='ltr'>Tristes</span> <span class='ocrx_word' id='word_1_191' title='bbox 443 2945 778 3020; x_wconf 74' lang='lat' dir='ltr'>primitiae!</span> <span class='ocrx_word' id='word_1_192' title='bbox 837 2944 1038 3003; x_wconf 89' lang='lat' dir='ltr'>Nimis</span> <span class='ocrx_word' id='word_1_193' title='bbox 1080 2944 1379 3003; x_wconf 89' lang='lat' dir='ltr'>infaelicis</span> <span class='ocrx_word' id='word_1_194' title='bbox 1426 2945 1640 3019; x_wconf 89' lang='lat' dir='ltr'>ephebi</span> 
     </span>
    </p>

    <p class='ocr_par' dir='ltr' id='par_1_15' title="bbox 170 3025 1676 3103">
     <span class='ocr_line' id='line_1_32' title="bbox 170 3025 1676 3103; baseline 0.003 -22"><span class='ocrx_word' id='word_1_195' title='bbox 170 3025 313 3085; x_wconf 88' lang='lat' dir='ltr'>Visa</span> <span class='ocrx_word' id='word_1_196' title='bbox 350 3039 567 3103; x_wconf 89' lang='lat' dir='ltr'>potens</span> <span class='ocrx_word' id='word_1_197' title='bbox 610 3031 821 3101; x_wconf 80' lang='lat' dir='ltr'>virtus,</span> <span class='ocrx_word' id='word_1_198' title='bbox 869 3030 1050 3086; x_wconf 87' lang='lat' dir='ltr'>vitam</span> <span class='ocrx_word' id='word_1_199' title='bbox 1090 3030 1143 3088; x_wconf 85' lang='lat' dir='ltr'>si</span> <span class='ocrx_word' id='word_1_200' title='bbox 1181 3031 1307 3086; x_wconf 88' lang='lat' dir='ltr'>fata</span> <span class='ocrx_word' id='word_1_201' title='bbox 1351 3030 1676 3088; x_wconf 85' lang='lat' dir='ltr'>dedissent.</span> 
     </span>
    </p>

    <p class='ocr_par' dir='ltr' id='par_1_16' title="bbox 172 3109 1974 3443">
     <span class='ocr_line' id='line_1_33' title="bbox 172 3109 1773 3189; baseline 0.001 -21"><span class='ocrx_word' id='word_1_202' title='bbox 172 3109 343 3170; x_wconf 87' lang='lat' dir='ltr'>Nunc</span> <span class='ocrx_word' id='word_1_203' title='bbox 381 3132 556 3189; x_wconf 89' lang='lat' dir='ltr'>quem</span> <span class='ocrx_word' id='word_1_204' title='bbox 600 3134 737 3173; x_wconf 88' lang='lat' dir='ltr'>sera</span> <span class='ocrx_word' id='word_1_205' title='bbox 779 3134 987 3173; x_wconf 90' lang='lat' dir='ltr'>senem</span> <span class='ocrx_word' id='word_1_206' title='bbox 1029 3115 1287 3172; x_wconf 90' lang='lat' dir='ltr'>debebat</span> <span class='ocrx_word' id='word_1_207' title='bbox 1326 3114 1537 3172; x_wconf 88' lang='lat' dir='ltr'>laurea</span> <span class='ocrx_word' id='word_1_208' title='bbox 1580 3113 1773 3184; x_wconf 79' lang='lat' dir='ltr'>caelo,</span> 
     </span>
     <span class='ocr_line' id='line_1_34' title="bbox 173 3197 1785 3275; baseline 0.001 -22"><span class='ocrx_word' id='word_1_209' title='bbox 173 3197 432 3255; x_wconf 89' lang='lat' dir='ltr'>Abstulit</span> <span class='ocrx_word' id='word_1_210' title='bbox 477 3207 616 3256; x_wconf 89' lang='lat' dir='ltr'>ante</span> <span class='ocrx_word' id='word_1_211' title='bbox 661 3200 841 3271; x_wconf 79' lang='lat' dir='ltr'>diem,</span> <span class='ocrx_word' id='word_1_212' title='bbox 890 3218 1001 3257; x_wconf 87' lang='lat' dir='ltr'>nec</span> <span class='ocrx_word' id='word_1_213' title='bbox 1041 3199 1223 3275; x_wconf 84' lang='lat' dir='ltr'>longo</span> <span class='ocrx_word' id='word_1_214' title='bbox 1268 3208 1539 3275; x_wconf 88' lang='lat' dir='ltr'>tempore</span> <span class='ocrx_word' id='word_1_215' title='bbox 1571 3199 1785 3256; x_wconf 88' lang='lat' dir='ltr'>fortem</span> 
     </span>
     <span class='ocr_line' id='line_1_35' title="bbox 173 3278 1974 3359; baseline 0.003 -23"><span class='ocrx_word' id='word_1_216' title='bbox 173 3278 367 3340; x_wconf 88' lang='lat' dir='ltr'>Passa</span> <span class='ocrx_word' id='word_1_217' title='bbox 411 3284 530 3340; x_wconf 87' lang='lat' dir='ltr'>frui</span> <span class='ocrx_word' id='word_1_218' title='bbox 569 3286 866 3357; x_wconf 83' lang='lat' dir='ltr'>iuvenem,</span> <span class='ocrx_word' id='word_1_219' title='bbox 906 3303 1060 3359; x_wconf 89' lang='lat' dir='ltr'>quos</span> <span class='ocrx_word' id='word_1_220' title='bbox 1103 3302 1210 3359; x_wconf 88' lang='lat' dir='ltr'>spe</span> <span class='ocrx_word' id='word_1_221' title='bbox 1239 3290 1731 3359; x_wconf 87' lang='lat' dir='ltr'>praesumpserat</span> <span class='ocrx_word' id='word_1_222' title='bbox 1764 3302 1974 3354; x_wconf 76' lang='lat' dir='ltr'>annOS,</span> 
     </span>
     <span class='ocr_line' id='line_1_36' title="bbox 176 3367 1621 3443; baseline 0.003 -21"><span class='ocrx_word' id='word_1_223' title='bbox 176 3367 258 3422; x_wconf 91' lang='lat' dir='ltr'>Ac</span> <span class='ocrx_word' id='word_1_224' title='bbox 290 3369 531 3443; x_wconf 87' lang='lat' dir='ltr'>generis</span> <span class='ocrx_word' id='word_1_225' title='bbox 575 3370 777 3428; x_wconf 90' lang='lat' dir='ltr'>titulos</span> <span class='ocrx_word' id='word_1_226' title='bbox 818 3369 997 3427; x_wconf 88' lang='lat' dir='ltr'>claris</span> <span class='ocrx_word' id='word_1_227' title='bbox 1043 3369 1376 3426; x_wconf 85' lang='lat' dir='ltr'>extendere</span> <span class='ocrx_word' id='word_1_228' title='bbox 1424 3368 1621 3440; x_wconf 86' lang='lat' dir='ltr'>factis,</span> 
     </span>
    </p>

    <p class='ocr_par' dir='ltr' id='par_1_17' title="bbox 176 3446 1847 3615">
     <span class='ocr_line' id='line_1_37' title="bbox 177 3446 1847 3526; baseline 0.002 -19"><span class='ocrx_word' id='word_1_229' title='bbox 177 3446 241 3507; x_wconf 92' lang='lat' dir='ltr'>Si</span> <span class='ocrx_word' id='word_1_230' title='bbox 278 3454 586 3526; x_wconf 90' lang='lat' dir='ltr'>proprium</span> <span class='ocrx_word' id='word_1_231' title='bbox 632 3456 814 3512; x_wconf 88' lang='lat' dir='ltr'>decus</span> <span class='ocrx_word' id='word_1_232' title='bbox 859 3455 975 3513; x_wconf 90' lang='lat' dir='ltr'>hoc</span> <span class='ocrx_word' id='word_1_233' title='bbox 1012 3453 1355 3511; x_wconf 86' lang='lat' dir='ltr'>voluissent</span> <span class='ocrx_word' id='word_1_234' title='bbox 1396 3472 1533 3512; x_wconf 85' lang='lat' dir='ltr'>esse</span> <span class='ocrx_word' id='word_1_235' title='bbox 1576 3471 1847 3525; x_wconf 83' lang='lat' dir='ltr'>severae,</span> 
     </span>
     <span class='ocr_line' id='line_1_38' title="bbox 176 3532 1778 3615; baseline 0.002 -25"><span class='ocrx_word' id='word_1_236' title='bbox 176 3532 346 3607; x_wconf 82' lang='lat' dir='ltr'>Quae</span> <span class='ocrx_word' id='word_1_237' title='bbox 386 3537 535 3597; x_wconf 84' lang='lat' dir='ltr'>fusis</span> <span class='ocrx_word' id='word_1_238' title='bbox 575 3541 877 3600; x_wconf 90' lang='lat' dir='ltr'>hominum</span> <span class='ocrx_word' id='word_1_239' title='bbox 912 3540 1275 3615; x_wconf 87' lang='lat' dir='ltr'>dispensant</span> <span class='ocrx_word' id='word_1_240' title='bbox 1317 3539 1465 3610; x_wconf 84' lang='lat' dir='ltr'>fata,</span> <span class='ocrx_word' id='word_1_241' title='bbox 1510 3537 1778 3598; x_wconf 87' lang='lat' dir='ltr'>Sorores.</span> 
     </span>
    </p>
   </div>
   <div class='ocr_carea' id='block_1_5' title="bbox 1500 3633 1684 3694">
    <p class='ocr_par' dir='ltr' id='par_1_18' title="bbox 1500 3633 1684 3694">
     <span class='ocr_line' id='line_1_39' title="bbox 1500 3633 1684 3694; baseline 0 0"><span class='ocrx_word' id='word_1_242' title='bbox 1500 3633 1684 3694; x_wconf 58' lang='lat'>5⁹*</span> 
     </span>
    </p>
   </div>
  </div>
 </body>
</html>
