2452 4186
1230 312 1311 370 90

353 479 436 538 Et
470 489 780 538 momenta
818 480 990 556 lyrae
1032 481 1254 540 fidibus
1300 479 1630 539 commissa
1672 482 1931 541 canoris.

353 564 633 639 Denique
672 574 821 640 quot
861 585 1063 623 rerum
1109 566 1311 624 divina
1350 564 1607 625 Poetica
1648 565 1832 623 flores

356 648 697 725 Complexa
743 657 858 722 est,
910 671 1031 708 uno
1072 653 1245 728 pueri
1283 670 1350 710 se
1392 657 1641 727 pectore
1692 651 1985 713 conduntz

355 735 583 794 Omnia
628 754 783 809 quae
828 743 1061 793 tentata
1105 736 1214 794 tibi
1256 736 1538 795 felicibus
1586 735 1753 793 ausis
1817 780 1820 783 »

352 820 578 878 Mentis
612 819 1014 878 inexhaustae
1052 821 1235 897 primi
1274 821 1488 878 lusere¹
1524 819 1783 877 calorem

352 906 503 963 Mox
547 905 665 966 ubi,
693 906 852 963 trina
897 906 1007 963 tibi
1049 906 1466 979 quinquennia
1504 903 1774 963 condidit
1814 911 2007 975 aetas,

355 989 448 1047 Te
491 990 724 1048 maiora
759 998 1014 1049 vocant:
1057 1010 1259 1048 rerum
1305 991 1638 1066 disquirere
1677 1008 1897 1049 causas

353 1075 499 1133 Fert
543 1075 805 1147 animus,
850 1075 1013 1133 docti
1053 1075 1365 1134 recludere
1409 1094 1583 1135 sacra
1620 1074 1868 1150 Lycaei,
1916 1075 2192 1153 [Lyceiss]

355 1159 436 1218 Et
478 1161 701 1219 veteris
749 1169 915 1218 totos
959 1161 1250 1218 Academi
1293 1161 1561 1237 pandere
1604 1177 1844 1218 census·

354 1243 492 1302 Nec
537 1264 681 1305 vero
723 1245 1023 1303 interdum
1073 1245 1228 1303 caeli
1273 1253 1582 1305 momenta
1618 1244 1881 1304 volantis

356 1329 665 1388 Intentata
707 1331 838 1402 tibi,
882 1349 995 1388 nec
1034 1349 1182 1404 quas
1230 1330 1497 1388 Nilotica
1540 1330 1845 1405 Memphis

359 1413 527 1474 Solis
573 1416 636 1472 in
685 1422 897 1473 exacto
942 1416 1206 1492 signavit
1244 1416 1491 1491 pulvere
1536 1422 1750 1472 metas·

356 1501 441 1560 Ut
473 1520 586 1576 per
627 1521 826 1576 prona
863 1501 982 1558 ruit
1025 1500 1265 1559 nivibus
1314 1501 1388 1558 de
1430 1508 1637 1558 monte
1690 1499 1931 1572 solutiS,

355 1584 491 1642 Nec
528 1586 651 1642 iam
697 1586 830 1643 finit
868 1604 1058 1659 aquas
1095 1586 1364 1661 riparum
1409 1586 1682 1661 margine
1725 1592 2002 1643 torrens:

356 1669 479 1727 Per
524 1670 734 1746 scripti
779 1689 958 1728 omne
1000 1689 1191 1746 genus
1239 1670 1382 1729 latis
1427 1670 1807 1729 discursibus
1856 1689 2020 1728 erras

356 1755 619 1830 Ingenii,
662 1755 757 1811 cui
799 1754 970 1811 nulla
1012 1754 1126 1811 fuit
1170 1773 1454 1813 mensura
1493 1754 1707 1812 ruenti.

359 1837 546 1897 Cuius
585 1839 661 1895 ad
705 1840 983 1897 excelsas
1031 1839 1170 1896 dum
1218 1859 1286 1899 se
1333 1841 1494 1898 celer
1533 1841 1794 1916 impetus
1843 1847 2004 1898 artes

356 1924 647 2000 Expedit,
690 1933 751 1982 et
789 1933 920 1982 toto
969 1922 1236 2001 Sophiae
1284 1943 1352 1982 se
1392 1925 1622 2001 proluit
1658 1943 1857 1996 amne,

355 2010 712 2068 Extenuant
758 2010 1038 2068 iuvenem
1086 2011 1369 2087 vigilatae
1419 2030 1495 2068 ex
1539 2010 1753 2069 ordine
1799 2016 2034 2081 nocteS,

358 2095 558 2153 Tabet
603 2097 678 2153 ab
717 2096 1013 2153 exhausto
1057 2115 1275 2171 corpus
1320 2095 1668 2154 miserabile
1712 2113 1914 2153 succo.

356 2178 493 2238 Nec
533 2200 726 2253 mora,
768 2199 882 2238 nec
922 2182 1183 2254 requies,
1235 2182 1569 2239 studiorum
1619 2180 1893 2238 dulcibus
1941 2199 2157 2239 amens

356 2266 707 2323 Immoritur
751 2258 930 2335 curis,
978 2273 1036 2322 et
1083 2285 1301 2325 vescos
1348 2267 1610 2342 carpitur
1651 2274 1839 2336 artuS,

355 2350 620 2410 Abdicet
659 2358 725 2407 ut
763 2351 949 2408 vitam
987 2351 1146 2407 vitae
1185 2351 1550 2409 immortalis
1574 2369 1827 2422 .amore,

355 2436 485 2493 Iam
530 2435 788 2495 collecta
836 2436 1017 2492 cutim
1056 2436 1282 2494 macies
1326 2436 1595 2494 adducit:
1645 2436 1981 2494 hebescunt

358 2519 692 2597 Collapsae
731 2521 918 2578 vires:
968 2521 1041 2577 de
1081 2529 1252 2593 tanto
1300 2521 1557 2595 denique
1594 2519 1813 2578 Dousa

356 2604 463 2663 Nil
507 2613 747 2682 praeter
790 2606 1058 2682 linguam
1103 2615 1403 2682 superest.
1451 2609 1526 2664 ea
1565 2606 1701 2664 sola
1747 2611 2062 2681 parentem

355 2689 724 2765 Alloquitur,
771 2690 1062 2764 vacuique
1105 2710 1324 2749 omnes
1366 2691 1618 2748 effundit
1660 2690 1723 2747 in
1763 2690 1936 2747 illum

355 2774 670 2850 Reliquias
718 2776 931 2832 animi:
977 2774 1122 2833 Non
1173 2783 1255 2847 te,
1305 2775 1656 2834 dulcissime
1699 2793 1921 2846 rerum,

356 2860 650 2918 Luctibus
696 2860 1019 2919 obsessum
1064 2860 1252 2936 longo
1300 2880 1581 2932 sermone
1632 2860 1930 2918 morabor.

354 2944 496 3003 Non
541 2965 617 3002 ex
658 2944 976 3020 praecipiti
1019 2945 1177 3002 vitae
1221 2946 1370 3002 mihi
1411 2946 1646 3004 tollitur
1685 2963 1857 3003 usus.

356 3029 723 3106 Iampridem
762 3030 959 3088 morbi
998 3030 1164 3087 lenta
1206 3031 1530 3089 obsidione
1573 3048 1833 3106 peresus
1899 3087 1901 3091 ,

357 3115 547 3192 Disco
594 3115 762 3172 mori.
808 3115 931 3172 Per
965 3134 1077 3192 ego
1115 3124 1179 3173 te
1220 3117 1424 3188 istam,
1472 3134 1652 3190 quam
1687 3115 1929 3186 desero,
1968 3113 2196 3188 lucem,

359 3200 674 3275 Quamque
713 3201 822 3259 tibi
868 3208 1175 3276 acceptam
1214 3203 1440 3274 referO,
1490 3219 1567 3257 ne
1613 3200 1846 3260 confice
1886 3200 2073 3271 curiS,

360 3285 557 3360 Quem
603 3286 837 3361 patriae
884 3286 1070 3344 debes
1119 3287 1405 3346 animum.
1450 3284 1701 3344 Desiste
1749 3284 1979 3356 dolere,

359 3369 538 3443 Quod
577 3372 744 3429 feror
786 3378 927 3428 ante
970 3371 1151 3444 diem,
1205 3372 1371 3445 quod
1418 3371 1631 3427 funere
1673 3370 1862 3428 tollor
1906 3370 2155 3428 acerbo·

356 3456 503 3515 Vita
546 3474 692 3515 suas
734 3463 927 3513 metas
967 3464 1125 3528 actu,
1170 3477 1294 3514 non
1337 3464 1615 3531 tempore
1656 3454 1808 3512 finit.

360 3539 473 3600 Sat
513 3541 684 3613 vixit,
729 3540 831 3615 qui
876 3549 972 3599 sat
1012 3542 1273 3617 patriae,
1320 3550 1415 3601 sat
1455 3539 1688 3617 profuit
1729 3538 1881 3598 orbi.
