2452 4186
1193 317 1276 374 78

331 486 568 546 nissimi
605 486 768 562 regis
802 484 1053 542 Henrici
1091 485 1189 542 III
1235 484 1530 543 desiderls
1591 484 1749 559 apud
1788 483 2147 561 Gregorium

329 572 488 631 XIII
512 578 572 627 et
596 571 753 629 alios
783 569 996 627 Italiae
1021 570 1329 646 principes
1349 569 1783 646 gloriosissime
1801 570 2021 641 funct0,
2046 569 2153 643 qui

330 676 461 716 cum
490 663 548 713 et
561 656 762 713 multis
787 655 1184 731 transalpinis
1203 654 1695 730 expeditionibus
1725 661 1785 711 et
1810 653 2146 712 obsidioni-

332 745 444 801 bus
475 741 709 798 urbium
734 740 895 797 intra
930 759 1181 816 regnum
1210 739 1626 815 superioribus
1667 738 1845 797 bellis
1869 738 2147 797 civilibus

331 827 788 885 interfuissetac
800 824 860 880 in
879 825 1159 882 omnibus
1182 823 1578 882 fortissimam
1599 843 1845 898 operam
1861 831 2152 881 navasset

328 912 663 985 ultimoque
720 910 1139 967 funestissimo
1204 908 1364 966 bello
1422 908 1669 965 ineunte
1728 908 2149 967 illustrissimo

332 997 470 1054 duci
525 994 949 1067 Monpenserio
1012 994 1072 1050 in
1128 993 1445 1051 Picardiae
1511 993 1759 1050 urbibus
1831 994 1891 1050 in
1949 993 2153 1050 officio

331 1079 661 1139 retinendis
707 1079 885 1135 fidem
917 1098 1093 1153 opem
1136 1079 1611 1154 industriamque
1642 1078 1941 1155 egregiam
1969 1097 2152 1154 prae-

333 1166 610 1235 stitisset,
656 1164 719 1220 in
755 1163 1065 1239 provincia
1114 1182 1224 1221 sua
1274 1163 1477 1221 omnia
1522 1163 1747 1238 oppida
1791 1171 1851 1220 et
1896 1162 2156 1221 castella

332 1271 370 1308 a
409 1249 737 1308 rebellibus
779 1249 1023 1306 insessa
1065 1248 1126 1304 in
1170 1255 1527 1322 potestatem
1576 1267 1745 1305 suam
1784 1240 2152 1324 redegisset,

332 1335 621 1394 Belacum
676 1352 848 1410 copls
916 1333 1244 1391 hostilibus
1311 1333 1531 1390 acriter
1573 1340 1981 1408 oppugnatum
2039 1332 2151 1388 im-

331 1420 524 1479 misso
568 1426 749 1477 noctu
789 1438 952 1476 novo
999 1417 1308 1494 praesidio
1348 1418 1564 1475 virtute
1603 1418 1858 1474 filiorum
1904 1436 2156 1476 suorum

333 1504 583 1565 summis
623 1502 1074 1561 difficultatibus
1127 1503 1476 1578 expeditum
1520 1500 1874 1573 liberasset,
1910 1503 2154 1560 hostem

330 1589 631 1667 praesidls
663 1588 879 1645 castris
903 1587 1219 1645 tormentis
1249 1587 1481 1645 bellicis
1503 1596 1682 1661 atque
1702 1587 2155 1665 impedimentis

333 1673 580 1750 saepius
636 1681 882 1729 exutum
949 1672 1194 1747 saepius
1258 1672 1472 1729 accisis
1530 1673 1748 1747 opibus
1815 1673 1877 1728 in
1939 1673 2155 1729 urbem

331 1758 759 1816 Pataviensem
828 1756 1269 1833 confugientem
1334 1764 1636 1832 postremo
1694 1758 1869 1816 novis
1922 1757 2154 1815 auxills

274 1868 278 1872 ·
331 1843 725 1915 undecunque
783 1841 1139 1915 conquisitis
1197 1848 1435 1898 auctum
1501 1861 1571 1899 ac
1633 1842 1857 1898 bellum
1915 1843 2152 1900 instau-

331 1937 565 1986 rantem
630 1927 842 1983 ultima
894 1926 1038 1983 belli
1102 1926 1345 1983 fortuna
1408 1927 1485 1983 ad
1548 1927 1767 1984 flumen
1810 1927 2156 2004 Vigennam

330 2012 744 2071 internecione
789 2010 1134 2086 delevisset,
1176 2011 1264 2067 *in
1331 2011 1519 2068 limite
1580 2019 1777 2069 autem
1835 2014 2156 2088 superiore

334 2099 747 2158 Lemovicano
796 2097 964 2155 ducis
991 2095 1433 2156 Nemossensis
1473 2098 1680 2173 copias
1711 2107 1997 2156 nocturna
2035 2100 2156 2155 im-

330 2183 653 2261 pressione
699 2191 928 2239 terrore
972 2201 1044 2238 ac
1076 2183 1262 2239 caede
1308 2183 1755 2257 complevisset,
1798 2202 1868 2239 ac
1892 2183 2159 2257 denique

332 2267 599 2348 quotidie
656 2284 855 2340 neque·
906 2267 1038 2324 sine
1092 2267 1290 2344 gloria
1351 2286 1462 2326 sua
1518 2287 1711 2342 neque
1778 2269 1910 2325 sine
1967 2267 2156 2324 detri-

332 2361 537 2411 mento
594 2351 859 2410 hostium
914 2352 977 2409 in
1033 2360 1162 2409 toto
1214 2351 1317 2409 illo
1382 2361 1574 2410 tractu
1625 2371 1758 2409 cum
1820 2352 2158 2411 rebellibus

335 2438 732 2514 experiretur,
789 2437 1026 2494 tandem
1079 2438 1141 2493 in
1204 2437 2162 2513 expeditione,Burgundionensi

331 2542 534 2600 regem
580 2522 1146 2581 christianissimum
1192 2522 1524 2580 Henricum
1566 2522 1694 2579 IIII
1739 2530 1978 2580 secutus
2017 2522 2159 2579 lan-

333 2627 578 2685 guorem
640 2615 860 2664 ,nactus
922 2607 1262 2665 incredibili
1338 2608 1432 2663 sui
1494 2607 1798 2666 desiderio
1866 2608 2156 2666 omnibus

333 2694 513 2751 bonis
557 2693 763 2750 relicto
789 2692 853 2748 in
889 2693 1127 2749 civitate
1166 2692 1416 2750 Molinis
1444 2693 1520 2748 ad
1560 2691 1877 2750 Elaverem
1905 2692 2160 2750 fluvium

336 2780 466 2836 ob1t
489 2797 649 2835 anno
678 2778 894 2834 aetatis
929 2795 1074 2835 suae
1097 2778 1209 2834 LX
1237 2774 1463 2834 Christi
1494 2785 1691 2833 autem
1717 2775 2162 2838 CIO.IO.XOV

335 2863 430 2920 III
442 2862 583 2922 Kal.
605 2862 823 2921 Octob.
886 2860 1144 2920 Claudia
1161 2860 1360 2919 Podia
1377 2880 1537 2920 uxor
1554 2879 1684 2918 cum
1706 2862 1915 2920 liberis
1975 2863 2056 2919 M.
2077 2861 2156 2921 P.

372 3033 456 3091 fl.
548 3034 821 3108 Iosephus
870 3029 1132 3107 Scaliyer
1172 3031 1446 3089 Puteam‘s
1476 3032 1787 3106 fratribus,
1852 3029 2087 3088 Claudii

748 3117 918 3190 filiis,
960 3118 1030 3172 de
1065 3126 1244 3174 morte
1287 3135 1476 3175 eorum
1510 3119 1723 3191 patris.

337 3202 394 3261 O
441 3201 582 3258 lecti
622 3200 898 3272 iuvenes,
944 3200 1148 3258 virtuti
1190 3201 1396 3259 nobile
1440 3219 1685 3278 germen
1786 3252 1800 3273 ,

338 3285 739 3346 Succrescens
785 3286 1046 3360 patriae:
1086 3286 1232 3361 quid
1278 3305 1373 3343 me
1422 3286 1498 3342 ad
1543 3285 1826 3342 damnata
1865 3282 2062 3340 redire

338 3369 528 3430 Sacra
569 3368 991 3442 Camenarum,
1037 3378 1097 3428 et
1132 3371 1418 3429 meliores
1464 3370 1673 3447 cogitis
1721 3387 1915 3426 annos

335 3449 687 3531 Respicere,
732 3463 799 3512 ut
832 3454 1071 3514 Phoebi
1115 3456 1444 3514 revirescat
1482 3455 1775 3530 pristinus
1825 3452 2018 3524 ardor,

334 3540 679 3615 Afflatuque
718 3560 878 3598 novo
925 3540 1157 3616 sopitos
1204 3541 1456 3599 suscitet
1492 3540 1706 3617 ignes?
