2452 4186
1086 326 1209 385 315

237 495 474 555 Deinde
523 494 1062 572 semper-virgines
1108 515 1293 573 prece
1327 496 1578 566 invoco,
2065 489 2170 544 835

239 582 410 657 Quae
451 599 701 657 semper
735 580 1047 638 intuentur
1083 582 1377 638 humanas
1423 581 1610 652 vices,

238 665 494 727 Sanctas
536 665 804 724 Dearum
845 675 1164 742 praepetes
1204 667 1452 725 Furias:
1501 666 1719 738 sciant,

234 752 339 811 Uti
378 770 480 810 me
519 750 773 809 Atridae
810 751 1121 827 principes
1173 751 1423 829 adigunt
1459 751 1635 809 mori.

232 838 484 911 Eosque
526 837 590 893 in
630 835 879 893 exitium
923 836 1197 894 ultimum
1239 836 1430 894 malos
1475 836 1633 893 male

233 922 523 999 Rapiant.
568 929 649 993 et,
693 930 758 979 ut
799 939 899 977 me
939 941 1081 979 mox
1130 923 1456 980 tuebuntur
1500 940 1638 979 mea
2064 919 2171 973 840

238 1006 501 1066 Caesum
549 1025 732 1063 manu
772 1007 995 1079 iacere,
1043 1008 1130 1064 sic
1173 1007 1492 1082 nepotibus

234 1091 476 1150 Poenas
520 1090 786 1149 nefanda
830 1091 1014 1148 caede
1054 1093 1359 1169 postumis
1405 1091 1594 1149 luant.

235 1179 440 1255 Agite,
485 1176 568 1233 ite
616 1175 869 1247 celeres,
917 1176 1001 1233 ite
1043 1177 1265 1235 Furiae
1303 1176 1594 1234 vindices.

239 1262 502 1320 Tentate
542 1262 753 1338 volgus
797 1279 993 1334 omne,
1039 1282 1117 1319 ne
1162 1261 1551 1338 compercite.

239 1346 363 1421 Sol,
406 1347 512 1422 qui
557 1364 846 1423 suprema
882 1347 1113 1423 templa
1154 1345 1445 1404 curriculo
1485 1346 1638 1405 citus
2065 1340 2170 1396 8‘¹5

237 1432 521 1503 Lustras,
561 1439 853 1508 paternae
899 1432 1193 1490 institeris
1239 1439 1305 1490 ut
1342 1439 1537 1488 terrae
1582 1450 1756 1489 meae

240 1515 547 1595 Strigans,
593 1534 916 1591 parumper
954 1517 1161 1575 inhibe
1205 1518 1477 1574 habenas
1519 1535 1735 1575 aureas

236 1603 528 1677 Utrisque
570 1601 812 1660 miseris
859 1601 1041 1662 funus
1086 1621 1157 1659 ac-
1199 1620 1379 1660 casus
1419 1619 1591 1658 meos
1656 1600 1668 1613 '

235 1692 456 1746 Aetate
490 1705 644 1744 cana
688 1687 908 1744 nuncia
950 1689 1323 1762 parentibus.

236 1773 359 1832 Ubi
402 1772 570 1829 fama
612 1773 873 1830 miserae
913 1774 1122 1831 matris
1172 1791 1349 1831 aures
1391 1771 1642 1843 accidet,
2070 1764 2175 1818 850

238 1858 464 1916 Totam
506 1875 617 1932 per
657 1858 869 1914 urbem
915 1858 1192 1930 ululabit,
1243 1857 1582 1915 eiulabitur.

234 1943 298 2002 N
305 1962 373 2001 ec
418 1943 648 2000 fructus
691 1960 910 2017 operae
954 1952 1053 2002 est
1088 1945 1208 2002 ista
1249 1944 1475 2000 frustra
1516 1930 1814 2015 conqueri.

235 2032 394 2106 Age,
444 2027 800 2085 ordiendum
846 2033 942 2084 est
988 2028 1228 2087 facinus
1274 2035 1537 2086 actutum
1580 2025 1747 2083 mihi.

238 2115 295 2175 Ο
342 2131 506 2171 mors
553 2132 686 2189 age,
725 2133 760 2168 o
807 2131 967 2173 mors
1008 2134 1141 2192 age,
1185 2117 1349 2188 veni,
1410 2132 1481 2170 ae
1521 2131 1616 2170 me
1660 2111 1860 2170 visita.

237 2198 598 2273 Quanquam
647 2196 998 2282 alloquendi
1041 2208 1281 2277 tempus
1329 2199 1475 2258 olim
1518 2198 1632 2255 erit
1673 2197 1842 2256 satis.
2057 2195 2176 2278 ¹855

238 2284 334 2342 Te
378 2283 534 2348 lucis
576 2283 773 2339 almae
812 2279 1329 2343 candidissumum
1373 2284 1576 2340 iubar:

239 2369 354 2441 Te,
403 2368 522 2441 sol,
569 2376 630 2425 et
674 2367 870 2424 almae
911 2368 1066 2427 lucis
1115 2369 1388 2444 aurigam
1434 2366 1709 2439 alloquor

237 2455 725 2525 Posterrumum,
768 2452 1040 2526 inquam,
1085 2462 1151 2511 ut
1193 2461 1413 2529 postea
1459 2448 2075 2525 nunquamampliusz

242 2540 299 2600 Ο
344 2539 573 2611 lumen,
621 2558 657 2596 o
706 2538 1080 2597 domesticae
1127 2555 1363 2597 sacrum
1408 2536 1605 2597 solum

240 2623 596 2695 Salaminis,
646 2643 681 2681 o
736 2624 856 2680 mei
891 2631 1142 2700 penates
1191 2623 1401 2699 patrii:
1995 2647 1998 2648 ⁷
2074 2614 2178 2670 S50

238 2710 370 2769 Vos
415 2710 614 2767 clarae
654 2708 954 2782 Athenae,
991 2727 1225 2784 vosque
1270 2709 1527 2785 gentiles
1575 2704 1716 2777 mei,

238 2796 608 2869 Fontesque,
660 2793 828 2852 fluvii
869 2813 981 2853 vos
1022 2795 1261 2853 valete:
1307 2792 1517 2852 Troici

243 2880 461 2958 Campi
502 2879 724 2950 valete,
767 2889 827 2936 et
865 2899 974 2938 vos
1018 2880 1141 2937 mei
1181 2879 1440 2938 nutricii.

241 2966 419 3026 Haec
463 2966 655 3022 verba
695 2966 872 3023 vobis
918 2965 1042 3022 edit
1079 2966 1241 3022 Aiax
1277 2964 1512 3037 ultima,

239 3052 506 3126 Reliqua
550 3048 710 3126 apud
752 3050 976 3109 Orcum
1017 3050 1190 3107 fabor
1228 3049 1648 3108 infernatibus.
2057 3043 2178 3099 865

721 3127 1178 3203 ΗΜΙΧΟΡΟΣ,
1226 3132 1605 3194 Semiehoru&
1685 3139 1690 3152 “
1819 3126 1824 3132 ’

247 3220 345 3282 Se.
431 3221 642 3278 Labor
683 3219 912 3296 duplex
956 3218 1158 3296 gravis
1203 3218 1400 3278 labor.

249 3307 446 3382 Quem
492 3325 620 3364 non
660 3304 820 3362 adivi
866 3323 979 3381 ego
1026 3304 1274 3362 locum?

244 3391 400 3466 Nec,
448 3391 553 3467 qui
596 3390 808 3447 docere
852 3388 1068 3465 possit,
1112 3387 1275 3447 ullus
1321 3396 1416 3447 est
1456 3388 1649 3445 locus.
1737 3421 1738 3424 =

246 3472 433 3549 Tace,
477 3484 628 3533 tace.
667 3474 891 3532 fallor?
932 3494 1011 3531 an
1058 3491 1272 3532 sonum
1320 3471 1543 3530 audio?

249 3559 355 3621 Se.-
433 3561 619 3620 Vero.
669 3560 909 3618 sodales
955 3558 1264 3617 classicos
1289 3577 1404 3617 nos
1452 3555 1705 3616 scilicet.
