2452 4186
1231 306 1355 367 398

377 475 765 548 Omnituens‚
809 475 1113 534 hominum
1159 487 1437 536 scrutans
1485 477 1767 537 mortalia
1810 478 2022 551 corda,

376 561 646 620 Aeterna
697 568 758 617 et
794 562 1161 633 veneranda,
1207 561 1413 624 colens
1459 562 1597 620 sola
1635 582 1819 621 aurea
1864 565 2022 636 iura,

378 642 549 718 Quae
586 645 783 703 varios
830 654 1027 704 mutas
1074 647 1323 703 humani
1364 643 1616 722 pectori'
1660 649 1897 721 fluctus,

378 730 574 805 Quam
628 739 971 828 agnoscunt
1007 731 1168 790 iuste
1196 732 1519 790 haerentes
1549 734 1947 810 compagibus
1974 753 2216 793 omnes.

375 814 538 874 Nam
580 815 742 874 nosti
779 815 1066 873 interiora
1106 818 1480 888 animorum3
1524 817 1685 875 haud
1723 826 1785 875 te
1821 819 2011 876 lateat
2033 838 2219 880 mens

374 899 740 958 Detrectans
783 897 1019 958 rationi'
1068 902 1298 978 iugum,
1347 903 1683 979 cuppedine
1724 902 1950 978 iniqua.

377 983 611 1044 Cuncta
645 985 856 1058 tueris,
896 995 1111 1044 cuncta
1150 988 1347 1059 audis,
1393 995 1607 1045 cuncta
1650 988 2108 1049 admoderaris:

374 1070 449 1127 In
496 1078 556 1127 te
596 1077 761 1128 stant
801 1071 1079 1128 mortalia
1122 1072 1290 1145 iura,
1332 1072 1655 1147 potissima
1697 1072 1851 1144 Dia3

373 1155 563 1213 Adsis
608 1155 999 1229 praestitibus
1042 1157 1180 1233 puri
1223 1157 1383 1216 sacri
1426 1158 1795 1230 auxiliatrix,

373 1238 478 1298 Da
510 1239 784 1316 placidas
818 1242 1069 1300 rationis
1111 1261 1282 1318 opes,
1324 1243 1616 1302 cohibens
1656 1243 1903 1301 inimica

378 1323 678 1397 Consilia,
719 1326 1091 1400 insidiantia,
1133 1327 1362 1402 iniqua,
1410 1328 1694 1404 superba,
1744 1329 2002 1386 nefasta.

377 1495 449 1551 6¹
801 1496 994 1553 Divae
1040 1499 1310 1554 Iustitiae
1354 1498 1633 1571 suffimen,
1679 1507 1786 1554 tus.

373 1578 653 1637 Iustitiae
699 1580 975 1639 obtestor
1014 1581 1300 1655 pulchrae
1345 1581 1736 1640 omnituentis
1781 1581 2064 1653 ocellum,

375 1664 472 1723 Ad
517 1660 665 1723 Iovi'
715 1664 1036 1724 Dictatori’
1074 1667 1247 1725 sedet
1279 1685 1433 1740 quae
1472 1665 1707 1725 illustre
1752 1667 2037 1740 tribunal,

378 1747 653 1809 Coelitus
700 1751 1033 1809 endotuens
1075 1771 1279 1810 mores
1321 1751 1668 1809 mortalium
1707 1751 2066 1824 homonum,

374 1836 574 1908 Atque
618 1834 803 1893 ultrix
845 1836 1121 1911 plectens
1157 1837 1422 1894 humana
1460 1836 1730 1893 nefantia
1764 1837 1946 1910 facta,

374 1920 472 1978 Ex
515 1938 707 1993 aequo
746 1920 872 1978 veri
917 1921 1286 1998 coniungens
1333 1921 1622 1998 disparile
1665 1941 1861 1980 omne.

376 2002 541 2062 Nam
582 2021 974 2078 quaecunque
1018 2006 1164 2063 viris
1217 2007 1519 2064 sententia
1561 2007 1833 2083 pessima
1872 2007 2096 2080 suasit,

380 2086 674 2147 Consiliis
720 2088 865 2148 diris
905 2089 1156 2148 infanda
1201 2087 1534 2151 volentibu'
1582 2111 1878 2168 quaeque,

379 2172 525 2234 Sola
554 2173 759 2250 iugum
805 2174 1120 2250 imponens
1163 2175 1409 2235 iniustis
1455 2178 1589 2234 iura
1630 2177 1946 2247 ministris,

376 2259 751 2318 Iniustorum
794 2260 1014 2333 hosti8‚
1061 2258 1353 2321 Sanatum
1399 2262 1563 2321 mitis
1607 2263 1818 2320 amica.

377 2345 604 2403 Verum
647 2344 814 2403 adsis
867 2364 1109 2420 semper
1147 2347 1353 2405 fausto
1387 2347 1526 2405 Dea
1562 2348 1806 2407 numine
1849 2347 2031 2418 iusta,

376 2429 543 2487 Vitai
584 2437 649 2487 ut
691 2431 895 2488 veniat
937 2431 1099 2504 finis,
1145 2450 1326 2506 quam
1368 2435 1570 2491 Morta
1597 2433 1852 2508 profata
1892 2440 2003 2491 est.

379 2598 458 2656 62
766 2599 959 2657 Divae
996 2600 1327 2675 Aequitatis
1367 2602 1647 2675 suffimen,
1690 2611 1798 2660 tus.

381 2682 437 2741 Ο
477 2684 638 2741 bona
682 2701 825 2741 cura
867 2685 1203 2758 hominum,
1239 2686 1531 2761 locuple8‚
1574 2686 1912 2745 iustissima
1947 2686 2151 2764 virg0‚

378 2765 637 2844 Semper
678 2787 891 2828 amans
937 2770 1218 2829 homines
1261 2771 1543 2847 aequalia
1577 2772 1712 2828 iura
1750 2772 2035 2841 colentes,

380 2852 436 2911 O
487 2855 852 2927 veneranda,
900 2855 1077 2913 beata
1117 2855 1274 2929 Dea,
1317 2877 1352 2914 o
1395 2857 1601 2914 Iuritis
1647 2857 1897 2929 honora,

377 2935 559 2996 Puris
604 2937 843 2998 iudiciis
887 2940 1253 3016 dispensans
1296 2942 1528 3017 optima
1565 2942 1719 3012 iura,

375 3020 513 3080 Nec
551 3030 813 3082 mentem
852 3024 1170 3083 labefacta.
1214 3026 1436 3084 etenim
1487 3034 1735 3085 cunctos
1778 3026 2117 3086 labefactas

378 3106 501 3181 Qui
543 3116 647 3166 tua
688 3129 812 3168 non
861 3111 1100 3168 subiere
1146 3112 1289 3169 boni
1330 3112 1493 3189 iuga,
1544 3112 1651 3170 sed
1690 3112 1886 3189 magis
1924 3112 2062 3186 ipsa

376 3190 680 3267 Indomiti‚
730 3195 1012 3253 horrifice
1056 3196 1361 3254 declinant
1411 3198 1665 3254 verbera
1707 3197 1896 3274 flagri.

380 3273 676 3351 Concors,
720 3281 1000 3338 omnibus
1044 3300 1255 3356 aequa,
1310 3289 1583 3354 venusta,
1639 3282 1931 3354 dicacula,
1984 3283 2214 3356 amica,

377 3361 588 3419 Munia
629 3365 801 3440 pacis
839 3385 1075 3438 amans,
1113 3374 1312 3424 certae
1354 3366 1745 3442 cupidissima
1782 3367 1960 3425 vitae.
2033 3400 2034 3403 =

377 3445 539 3505 Nam
585 3448 725 3523 plus
770 3450 1150 3525 deteriusque
1197 3451 1401 3524 odisti,
1451 3460 1511 3509 et
1553 3451 1753 3529 diligis
1803 3471 2086 3529 aequum.

379 3531 454 3588 In
487 3539 554 3590 te
598 3533 780 3592 habet
817 3537 1030 3607 virtus,
1078 3536 1142 3595 in
1188 3545 1247 3594 te
1285 3537 1583 3615 sapientia
1617 3537 1819 3595 finem.
