2452 4186
1076 320 1195 378 327

223 486 328 546 Nil
367 488 608 561 melius,
660 507 692 546 e
729 508 795 546 re
839 490 1002 564 quod
1051 491 1129 549 sit
1173 491 1509 562 amborum,
1554 506 1782 563 precer.

224 572 372 631 Ten.
460 572 601 632 Heu
645 593 825 649 quam
869 575 1097 632 citatim
1130 584 1505 633 mortuorum
1550 573 1746 650 gratia

221 657 470 736 Ingrata
508 659 686 732 cedit,
733 668 911 734 atque
953 669 1158 737 partes
1202 661 1448 719 deserit.

223 740 536 819 Siquidem
586 745 683 801 hic
720 763 832 802 nec
875 745 1056 803 etiam
1103 747 1180 803 ob
1222 763 1414 821 parva
1457 744 1617 801 dictu
1659 741 1864 799 munia

220 830 499 887 Meminit
540 830 646 901 tui,
693 830 886 888 Aiax:
931 832 1145 904 quoius
1192 831 1336 888 olim
1382 830 1577 907 gratia

222 913 358 972 Tuo
397 914 628 991 periclo
665 922 750 971 tot
792 914 1025 990 pericla
1062 917 1459 974 exhauseras.

222 996 343 1059 Sed
383 999 581 1057 omnis
623 999 739 1057 iste
784 995 958 1058 fluxit
988 1002 1272 1077 'ingratus
1315 1002 1517 1060 labos.

223 1084 277 1143 Ο
322 1084 695 1160 proloquute
740 1104 1016 1160 perpera,
1062 1095 1240 1160 atque
1280 1087 1514 1144 inania:

222 1169 470 1228 Oblitus
515 1169 670 1226 adeo
715 1189 804 1241 es,
852 1171 1095 1245 quando
1138 1190 1254 1229 nos
1294 1172 1357 1230 in
1407 1168 1641 1248 praelio

217 1253 597 1312 Periculosis
634 1254 956 1329 impeditos
1002 1256 1305 1328 cassibuS‚

217 1338 412 1396 Nulla
458 1339 672 1397 salutis
719 1358 849 1415 spe,
905 1350 1083 1415 atque
1125 1360 1348 1400 vorsos
1394 1341 1457 1398 in
1502 1340 1705 1415 fugam

215 1422 459 1498 Eripuit
499 1425 617 1482 iste
663 1444 775 1483 vos
822 1444 934 1483 suo
981 1427 1276 1484 adventu:
1317 1426 1469 1484 foris

219 1508 373 1568 Cum
414 1510 644 1566 fureret
687 1511 906 1569 ardens
946 1510 1104 1588 ignis
1146 1513 1209 1568 in
1255 1511 1596 1581 navalibus,

215 1595 512 1654 Flammis
558 1595 819 1667 adultus,
865 1596 1044 1670 inque
1088 1597 1348 1655 classem
1402 1596 1703 1653 nauticam

216 1680 483 1737 Irrueret
527 1679 760 1739 Hector
805 1682 1083 1739 varicans
1125 1682 1350 1740 vallum
1395 1683 1639 1757 impete.

218 1763 369 1837 Quis
410 1766 562 1822 haec
604 1767 940 1842 repressit?
990 1785 1115 1825 non
1158 1769 1212 1826 is
1263 1776 1377 1838 est,
1423 1767 1525 1841 qui
1565 1763 1709 1822 fecit
1753 1764 1923 1833 haec,

217 1850 416 1924 Quem
465 1850 794 1909 contulisse
841 1852 1116 1927 nuspiam
1164 1854 1378 1928 pedem
1424 1848 1745 1909 autumas?

217 1931 447 1993 Veron'
497 1936 551 1994 is
597 1936 700 1992 ille
749 1936 894 1993 fecit
938 1938 1110 2010 haec,
1158 1946 1217 1994 et
1264 1937 1520 1996 sedulo?

219 2018 372 2079 Cum
416 2039 531 2077 nec
582 2029 857 2095 vocatus,
904 2031 1069 2081 sorte
1109 2023 1218 2081 sed
1261 2023 1475 2082 ductus
1523 2035 1767 2079 manum

218 2105 565 2179 Conseruit,
608 2108 731 2165 acri
775 2118 1156 2184 comparatus
1200 2109 1472 2168 Hectori.

215 2191 353 2249 Nec
393 2192 556 2249 enim
598 2193 874 2269 fugacem
918 2195 1142 2251 iecerat
1190 2195 1540 2252 sorticulam

218 2275 422 2336 Gleba
463 2278 763 2336 madentis
807 2280 976 2349 uber,
1023 2287 1118 2336 ast
1162 2296 1319 2350 quae
1365 2280 1642 2354 primitus

214 2363 454 2421 Educta
491 2363 730 2422 casside
770 2363 1059 2438 impetum
1105 2363 1444 2420 citasceret.

214 2447 393 2507 Haec
439 2447 545 2504 ille
588 2449 753 2521 fecit,
803 2456 979 2522 atque
1028 2466 1143 2524 ego
1186 2466 1307 2504 una
1350 2447 1623 2519 interfui,

142 2592 145 2599 ,
214 2533 350 2610 Ego
400 2551 636 2604 servus,
684 2542 862 2608 atque
904 2542 1095 2590 matre
1140 2532 1400 2590 barbara
1441 2532 1656 2590 editus.

216 2617 393 2675 Haec
437 2618 645 2690 verba,
686 2619 868 2676 stulte
911 2637 1044 2676 cum
1091 2619 1337 2695 strepis,
1385 2637 1504 2692 quo
1549 2617 1854 2694 respicis?

216 2701 470 2774 Nescis,
511 2704 599 2760 tui
635 2704 737 2777 qui
777 2713 1060 2780 prosator
1104 2704 1294 2779 patris
1331 2703 1475 2776 fuit,

215 2787 448 2862 Pelops
492 2796 791 2860 vetustus,
836 2809 929 2846 em
968 2791 1161 2849 fuisse
1202 2790 1568 2848 barbarum?

217 2873 419 2930 Tuum
468 2880 735 2930 satorem
780 2882 979 2931 autem
1022 2881 1273 2933 Atreum
1316 2893 1722 2932 sacerrumum

216 2958 418 3016 Fratri
463 2959 774 3016 vorandos
821 2965 1148 3035 apposisse
1190 2960 1459 3019 liberos?

219 3043 308 3100 Te
350 3049 546 3100 mater
586 3052 787 3100 autem
833 3043 1059 3103 Cressa
1092 3045 1362 3122 protulit,
1410 3065 1555 3105 suus

222 3129 421 3204 Quam
465 3127 860 3203 deprehendit
904 3148 1035 3186 cum
1076 3131 1201 3188 viro
1241 3130 1442 3189 alieno
1489 3136 1678 3206 pater,

220 3214 529 3288 Mutisque
574 3214 717 3271 iecit
753 3215 1041 3290 pabulum
1085 3217 1454 3273 natantibus,

221 3298 443 3355 Taline
489 3298 632 3357 talis
681 3300 898 3357 obiicis
944 3318 1134 3375 genus
1181 3300 1370 3374 mihi?

222 3383 563 3441 Telamone
610 3385 714 3459 qui
753 3403 886 3443 sum
933 3393 1102 3459 patre
1148 3393 1506 3461 prognatus,
1547 3402 1743 3441 meam

224 3468 343 3543 Qui
386 3469 726 3544 praemium
768 3470 1004 3528 virtutis
1051 3489 1128 3527 ex
1176 3471 1443 3526 exercitu

219 3552 454 3612 Habuit
497 3564 811 3629 parentem
860 3554 1288 3613 concubinam:
1341 3554 1508 3631 regio

2053 485 2186 540 1265

2053 910 2188 964 1270

2053 1337 2076 1387 1
2085 1335 2185 1388 275

2052 1757 2185 1811 1280

2055 2187 2188 2240 1285

2054 2614 2073 2664 1
2084 2612 2190 2671 290

2056 3037 2192 3092 1295

2060 3461 2195 3516 1300
