2452 4186
1230 301 1357 363 ²32

464 472 567 536 καὶ
605 470 749 539 τοὺς
800 471 953 555 ἐμ”ς
995 470 1107 553 μὲν
1150 465 1640 553 δυσμενεστάτης
1686 465 1928 551 στίβους

468 555 813 641 ἰχνηλατεῖν
861 577 894 617 ο
927 554 1015 631 δ’,
1058 554 1200 617 εὐτυ
1250 557 1338 616 εῖν
1384 554 1455 617 δὲ
1492 557 1620 619 τοῖς
1662 549 1926 635 τρέμειν.

464 640 569 703 καὶ
612 641 719 723 τὴν
766 640 1029 723 ἐρῶντος
1070 639 1155 706 εἰς
1236 640 1513 722 ρώμενον
1558 635 1735 722 φύσιν

469 727 976 809 μεταλλαγεῖσαν,
1023 720 1093 786 ἔκ
1135 722 1196 785 τ’
1237 723 1585 805 ἀνωμάλων
1634 720 1806 787 ὅπως

464 813 756 877 παντοῖος
800 808 938 893 ὄψιν
983 807 1231 890 γίνομαι
1275 807 1379 871 καὶ
1419 806 1524 890 τὴν
1565 804 1760 890 χρόαν

470 897 687 977 μικροῦ
725 893 1016 976 γέλωτος,
1061 893 1165 955 καὶ
1210 896 1460 975 μακρῶν
1501 890 1888 974 ὀδυρμάτων,

468 978 638 1064 ψυχή
686 1000 753 1040 τε
796 981 929 1044 πῶς
974 981 1053 1062 ζῇ
1092 977 1349 1060 καρδίας
1390 975 1705 1045 ἀπόξενος.

469 1062 605 1125 οἶδ’
656 1061 718 1132 ἐξ
768 1062 1040 1146 ἐμαυτοῦ
1090 1061 1253 1146 μυρί’
1300 1059 1715 1146 ἠπατημένος,

467 1147 572 1211 καὶ
614 1146 1066 1229 δυστέκμαρτον
1107 1151 1230 1230 πῦρ
1277 1145 1425 1228 ἐμὸν
1480 1146 1806 1229 διζήμενος

467 1230 706 1315 θέρμην
757 1230 1034 1306 ἄπωθεν,
1072 1235 1267 1316 χεῖμα
1313 1228 1377 1293 δ’
1427 1228 1686 1312 ἐγγύθεν,
1729 1227 1992 1297 σπάσας.

467 1314 595 1380 οἶδ’
636 1320 723 1384 ὥς
752 1311 957 1398 Ἔρως
1002 1314 1264 1378 ἔναυλον
1308 1315 1370 1377 ἐν
1416 1314 1597 1399 φρεσὶ
1643 1312 1878 1398 βρέμει,

467 1400 571 1464 καὶ
612 1402 715 1464 τὸν
762 1401 1056 1483 λογισμὸν
1101 1398 1379 1483 στηθέων
1429 1397 1614 1463 πάντ’
1661 1398 1927 1472 kamet.

467 1485 571 1549 καὶ
613 1489 747 1553 πῶς
792 1484 1009 1567 τέτηκε
1050 1485 1274 1568 καρδία
1317 1482 1744 1567 πολυτρόπως.

471 1568 587 1633 οἶδ’
636 1568 871 1653 ὁσσίχῳ
919 1571 1029 1652 μὲν
1077 1569 1479 1651 εὐγενεστάτη
1526 1566 1760 1653 βρόχῳ,

474 1653 619 1717 ὅταν
664 1653 902 1737 μονάζῃ
948 1657 1173 1722 παντὸς
1206 1651 1619 1737 ἠρημωμένη,

472 1737 641 1884 ψυχὴ
684 1741 1013 1821 κρατεῖται,
1068 1740 1150 1822 μὴ
1195 1739 1254 1801 δ’
1305 1737 1662 1807 ὑπασπίζων
1709 1737 1897 1819 πάρα.

474 1845 555 1885 κα
618 1820 727 1889 τὰς
770 1823 1059 1904 ποτήσεις
1092 1825 1198 1891 τάς
1238 1821 1309 1885 θ’
1352 1818 1694 1906 ἑκηβόλους
1727 1818 1940 1897 τυπὰς,

474 1907 577 1969 καὶ
615 1904 723 1973 τὰς
766 1906 1042 1981 ἀπειλὰς,
1089 1907 1197 1975 τὰς
1245 1907 1435 1992 βολάς
1482 1906 1533 1967 τ’
1575 1904 1903 1988 ἐπίσταμαι

476 1989 727 2075 ἔρωτος,
770 1994 855 2058 ὡς
900 1992 1116 2076 βίαιος,
1162 1996 1248 2060 ὡς
1290 1991 1641 2066 ἐπίκλοπος,

478 2075 648 2143 ὅπως
692 2075 924 2158 ὁμοίως
965 2075 1078 2140 οὐκ
1124 2076 1221 2140 ἀεὶ
1269 2076 1659 2160 τροχηλατεῖ.
1772 2079 1775 2082 ’

473 2164 559 2228 ὣς
599 2160 769 2230 ἐλπὶς
812 2158 884 2221 οὐ
931 2161 1199 2244 δηναιὸς,
1246 2161 1454 2228 αἰανὲς
1492 2160 1548 2222 δ’
1600 2159 1775 2244 ἄχος,

470 2245 643 2308 κεναὶ
684 2242 753 2305 δὲ
794 2245 989 2329 πάντῃ
1037 2247 1300 2309 πίστεων
1350 2242 1733 2329 ὑποσχέσεις.

473 2333 560 2398 ὡς
607 2326 841 2396 ὀστέοις
888 2329 996 2411 μὲν
1044 2329 1242 2412 καῦμ’
1288 2330 1631 2413 ἐπάργεμον
1678 2327 1916 2412 φλέγει,

470 2412 716 2580 ’ἓῖἒῖὰᾷ
744 2412 1051 2583 δέἷαῖᾒξῗὶ
1067 2418 1223 2563 ἕὶῗὲ
1262 2412 1940 2581 ῗζωέῗᾏζῗὲέῗοέἒςὲόρ

472 2584 560 2650 ὣς
604 2579 711 2644 οὖν
758 2580 1065 2665 ἐρώντων,
1117 2522 1279 2659 οἵδε,
1323 2546 1734 2667 θρασύδειλος
1783 2581 1934 2666 βίος,

469 2667 701 2734 πλάνος
738 2688 805 2727 τε
847 2667 1200 2755 κᾴβέβαιος,
1248 2672 1333 2737 ὥς
1379 2667 1569 2729 εἰπεῖν
1617 2664 1784 2733 ἔπος.

471 2754 558 2819 ὥς
598 2750 784 2813 πόλλ’
822 2751 1052 2837 ἀδευκῆ
1086 2752 1345 2834 γλυκέος
1381 2752 1633 2834 ἡττᾶται
1668 2752 1909 2834 μικροῦ.

468 2834 595 2918 ἤθη
635 2856 701 2896 τε
740 2835 994 2913 τούτων,
1040 2838 1115 2899 τά
1159 2856 1225 2899 τε
1270 2836 1451 2921 μέλη,
1497 2837 1599 2898 καὶ
1636 2834 1780 2904 τοὺς
1827 2831 2099 2912 στόνους,

470 2920 538 2982 τὸ
587 2917 838 3004 φθέγμα
883 2922 939 2982 τ’
986 2920 1226 2998 ἄτονον,
1273 2920 1381 2989 τὰς
1421 2920 1643 3004 μεταΕό
1692 2919 1748 2981 τ’
1792 2915 2125 3003 ἀναβολὰς,

474 3002 722 3089 βραχμὴ
753 3001 1018 3086 γέλωτα,
1044 3006 1147 3067 καὶ
1175 3004 1812 3090 μακρὰστενάγματα,
1882 3002 2146 3088 [βραχὺν
2159 3003 2215 3082 1‘]

471 3088 761 3173 ἀψινθίου
808 3111 875 3151 τε
914 3095 1024 3154 τοῦ
1073 3092 1443 3176 μελικρήτου
1482 3089 1676 3172 πόμα.

558 3187 675 3238 Hoc
704 3189 1024 3252 poematium
1061 3191 1195 3239 inter
1235 3190 1572 3255 equitandum
1600 3188 1838 3237 vertebat
1861 3187 1965 3237 Ios,
1987 3185 2216 3249 Scaliger

689 3256 746 3305 in
783 3256 1086 3309 Pictonibus
1124 3274 1261 3310 anno
1292 3256 1438 3318 1563,
1477 3257 1711 3307 oblatum
1751 3256 1927 3307 statim
1960 3252 2212 3306 Nobiliss.

686 3324 955 3377 Ludovico
988 3327 1279 3379 Castanaeo
1318 3327 1668 3393 Rupipozaeo‚
1712 3326 1769 3374 in
1801 3325 2118 3375 monasterio
2157 3321 2211 3374 S.

689 3393 887 3446 Mariae
922 3395 998 3446 De
1027 3395 1410 3451 Misericordia.
1493 3393 1744 3445 Oblatum
1778 3394 1938 3445 etiam
1970 3393 2048 3444 M.
2087 3392 2213 3444 Ant.

687 3461 896 3516 Murato
939 3479 1076 3516 anno
1116 3462 1264 3516 1565.
