2452 4186
1063 318 1185 386 297

213 495 512 570 Ventique
557 513 772 554 secura
815 494 1030 555 lascivi

211 581 521 640 Iniurioso
565 581 781 639 miscet
826 580 914 637 di-

213 674 338 723 -cta
379 666 693 725 cachinno.
737 668 821 725 At
863 664 1076 724 dolore
1133 682 1249 741 ego
1296 665 1587 742 configor.

844 832 1040 894 Actus
1087 832 1426 894 Secundus.

953 918 1301 978 Tecmessa.

215 1001 380 1062 Socii
422 1000 655 1074 Aiacis,
707 1001 966 1061 classica
1003 1004 1217 1078 pubes,

212 1086 440 1144 Nobile
479 1086 670 1162 prisci
712 1105 959 1164 germen
1001 1088 1345 1160 Erechthei,

216 1170 471 1244 Quantis
507 1179 710 1230 versat
743 1173 1020 1232 fluctibus
1066 1174 1252 1231 animi

217 1255 634 1314 Telamoniaci
673 1276 788 1314 nos
836 1276 978 1315 cura
1024 1258 1188 1316 laris.

214 1341 307 1398 En
344 1342 510 1400 ferus
553 1341 734 1414 Aiax,
780 1351 1028 1417 pectore
1070 1342 1277 1416 crud0‚

217 1425 525 1497 Perditus‚
569 1445 751 1503 aeger

157 1532 161 1535 ’
214 1513 406 1570 Aestu
448 1511 755 1568 conflictat
800 1511 1029 1586 iniquo.

217 1594 324 1653 Ch.
405 1595 581 1668 Quod
621 1595 948 1672 praeterita
984 1604 1160 1656 nocte
1205 1597 1468 1672 quietem

214 1680 469 1740 Mutavit
518 1699 697 1753 onuS,

215 1764 372 1824 Filia
416 1765 668 1843 Phrygii
705 1764 1126 1824 Teleutantis?

214 1849 364 1908 Dic:
409 1870 550 1909 nam
591 1869 827 1909 servam
868 1858 927 1906 te
967 1850 1132 1909 ferus
1170 1853 1332 1910 Aiax

219 1933 402 1995 Socia
444 1935 589 1992 lecti
629 1943 803 2011 parte
842 1936 1089 2010 recepit,

217 2019 299 2079 Ut
335 2027 398 2079 te
440 2020 680 2078 nescire
719 2020 894 2078 nefas
944 2020 1041 2078 sit.

215 2105 358 2163 Tec.
444 2105 653 2165 Ardua
692 2106 850 2164 dictu
900 2106 1058 2164 dicta
1104 2109 1406 2184 profabor.

214 2191 351 2247 Leti
395 2190 651 2249 similem
693 2192 966 2250 morbum
1010 2194 1232 2251 audite.

213 2276 455 2334 Efferus
500 2276 631 2347 iris,
679 2277 981 2351 animique
1021 2297 1208 2354 vagus

215 2360 538 2417 Infandum
582 2361 744 2419 Aiax
792 2379 976 2420 ausus
1021 2363 1085 2419 in
1130 2364 1341 2419 umbra
1386 2372 1508 2422 est:

220 2445 402 2503 Talia
442 2445 562 2502 iam
596 2446 741 2503 licet
781 2447 942 2504 intus
987 2464 1234 2504 cernere

217 2530 470 2588 Patrata
513 2549 694 2588 manu
736 2549 908 2589 sacra
954 2541 1222 2603 cruenta,
1305 2539 1328 2561 ⁹

215 2615 480 2674 Pulchra
520 2616 635 2672 viri
677 2624 850 2693 gesta
890 2616 1168 2677 furentis.

484 2713 489 2724 ’
893 2701 1146 2779 Strophe
1197 2703 1357 2761 XII.

219 2784 331 2844 Ch.
423 2784 579 2841 Mira
621 2784 876 2858 indicae,
915 2789 1065 2846 mira
1101 2790 1260 2848 torvi

214 2871 406 2929 Facta
444 2869 636 2927 refers
680 2870 966 2946 hominis,
1038 2906 1052 2916 2

215 2956 454 3030 Iniqua,
499 2955 962 3031 inexplicanda:

220 3041 395 3116 Quae
441 3057 729 3115 proceres
772 3040 969 3100 Danai

217 3124 378 3184 Male
422 3124 800 3201 famigerant‚

218 3209 507 3283 Quaeque
547 3229 767 3285 procax
806 3232 1011 3269 rumor
1051 3213 1312 3269 acerbat.

217 3294 376 3353 Hem
424 3314 599 3370 quem
647 3297 872 3354 exitum
918 3314 1019 3355 res
1060 3297 1342 3355 habitura
1382 3296 1515 3355 est?

218 3380 426 3440 Habet
471 3380 604 3438 hoc.
645 3381 850 3441 furore

222 3464 350 3525 Sibi
394 3466 514 3523 iam
556 3465 770 3525 afferat
810 3468 917 3525 ille

221 3552 465 3611 Manust
514 3552 741 3630 quippe
782 3554 883 3628 qui
927 3561 1019 3612 tot

2042 1002 2140 1055 ‘201

2042 1356 2144 1409 ⁴205

2044 1784 2147 1837 210

2045 2197 2148 2254 215·

2043 2628 2146 2682 220
