2452 4186
1232 308 1353 368 302

376 475 581 534 Bobus
621 482 686 531 ut
722 477 786 533 in
826 475 1149 549 trionibus,

376 561 458 618 Et
500 560 564 618 in
609 561 884 636 capellis,
932 561 1171 619 avidum

376 645 766 721 Retingerem
805 665 1091 704 cruorem.
1858 673 1862 679 ¹

380 728 490 789 Ch.
576 728 735 787 Nam
778 731 919 805 quid
960 731 1163 788 dolere
1208 731 1360 787 haec
1401 730 1563 788 facta
1599 732 1896 808 profuerit
1934 735 2098 793 tibi?

378 815 613 873 Infecta
655 815 818 873 facta
853 836 972 873 non
1020 824 1195 873 erunt
1228 823 1390 872 tuam
1440 816 1649 874 vicem.

946 901 1004 958 2.
1049 901 1435 976 Anti-stropha
1480 903 1649 960 IIII.

380 983 502 1042 Hei
543 985 808 1043 omnium
854 993 1084 1057 auctor,
1126 986 1391 1043 omnium

381 1069 678 1127 Malorum
726 1070 897 1128 faber
940 1089 1089 1145 puer
1129 1070 1411 1142 Laertae,

383 1155 669 1228 Leueque
709 1155 1134 1231 publicumque
1173 1155 1555 1212 mendioimo-

387 1240 609 1297 -niumz
657 1249 719 1297 ut
755 1240 1122 1316 triumphas:
1174 1249 1240 1297 ut
1278 1239 1635 1298 cachinnas:
1677 1248 1743 1297 ut
1787 1259 2019 1318 crepas.

388 1323 498 1384 Ch.
582 1325 807 1383 Rident
838 1325 1073 1383 volente
1115 1325 1379 1399 flentque
1415 1325 1703 1383 mortales
1749 1325 1900 1384 Deo·

386 1411 482 1468 Ai.
564 1411 810 1469 Utinam
847 1410 1110 1468 viderem
1153 1410 1322 1467 illum
1363 1411 1608 1468 obrutus
1655 1410 1800 1468 licet
1839 1411 2037 1471 malis.

246 1508 349 1562 385
383 1494 506 1553 Hei
551 1498 678 1553 me!
721 1495 820 1552 hei
861 1499 986 1553 me!

386 1579 495 1639 Ch.
582 1579 911 1656 Comperce
952 1579 1172 1638 verbis,
1239 1598 1357 1653 quo
1398 1579 1460 1636 in
1510 1587 1668 1639 statu
1716 1581 1801 1640 sis
1846 1600 1970 1640 non
2015 1581 2223 1642 vides.

997 1666 1055 1722 3.
1101 1665 1487 1739 Antistropha
1541 1666 1607 1723 V.

384 1748 480 1807 Ai.
571 1750 836 1807 Meorum
884 1770 920 1806 o
964 1752 1206 1807 atavum
1250 1757 1445 1825 pater,

387 1832 660 1906 Quanam
706 1844 854 1905 arte,
901 1833 1196 1911 Iuppiter,
1241 1834 1471 1892 vafrum

389 1918 671 1993 Undique
718 1919 1047 1976 circitorem
1083 1919 1199 1976 ini-

249 2006 352 2060 390
387 2004 631 2060 -micum
674 2004 857 2074 ultus,
901 2011 1079 2077 atque
1123 2004 1298 2061 ambo
1340 2003 1522 2061 duces

382 2087 606 2147 Malam
645 2097 926 2165 oppetam
971 2089 1106 2165 ipse
1143 2087 1431 2146 mortem?

386 2173 530 2231 Teo.
622 2171 693 2233 Si
737 2174 883 2231 haee
922 2172 1299 2248 imprecaris,
1340 2174 1708 2249 imprecator
1750 2182 1807 2231 et
1851 2176 1999 2232 mihi

384 2261 672 2317 Mortem:
714 2258 858 2333 quid
895 2276 1050 2335 opus
1099 2267 1194 2317 est
1236 2257 1362 2317 vita
1400 2259 1568 2331 mihi,
1614 2267 1675 2316 te
1716 2260 1998 2319 mortuo?

1001 2344 1060 2402 4.
1109 2343 1367 2419 Stropha
1411 2344 1591 2402 XVI.

385 2430 482 2486 Ai.
570 2430 772 2486 Meum
815 2449 850 2486 o
898 2429 1045 2486 mihi
1087 2429 1264 2487 iubar
1310 2431 1616 2502 tenebrae,
1672 2436 1732 2487 et
1774 2430 1955 2502 Oroe,

383 2515 523 2572 Lux
556 2514 762 2586 nitida,
809 2514 1039 2572 lucida:

385 2598 625 2656 Habete
662 2618 758 2656 me
797 2600 985 2657 vestri
1033 2600 1319 2670 incolam,

384 2682 645 2742 Habete.
694 2702 806 2741 nec
848 2682 1119 2742 Deorum
1164 2685 1347 2755 enim,

384 2767 602 2843 Neque
647 2768 904 2828 mortale
946 2770 1256 2827 hominum

386 2854 537 2911 Mihi
582 2872 773 2931 genus
826 2853 1031 2911 videre

386 2939 532 3012 Fae,
578 2938 774 2996 inutili
808 2939 1058 2997 cunctis.

389 3022 513 3084 Sed
555 3024 731 3082 ferox
774 3024 942 3082 Iovis
989 3031 1193 3101 gnata,
1237 3031 1488 3099 perpete

387 3108 525 3166 Dea
570 3128 742 3167 cruce
791 3128 886 3165 me
931 3109 1194 3166 mulctat.

389 3194 564 3269 Quae
606 3195 785 3271 fugae
822 3193 962 3251 via?
1273 3193 1278 3198 ’

390 3277 580 3351 Quem
621 3279 822 3337 locum
867 3279 1125 3357 eligam?

385 3363 741 3438 Postquam,
788 3365 984 3438 amici,
1032 3373 1092 3422 et
1135 3367 1274 3438 hoo,
1318 3373 1375 3423 et
1422 3365 1554 3422 hoc-

386 3449 603 3507 Interit
641 3450 842 3521 simul,

387 3535 743 3609 Vanamque
794 3542 1098 3610 capturam
1146 3535 1397 3611 egimus.
