2452 4186
1226 300 1350 360 280

377 469 568 546 ζ(70)
950 465 1191 528 Δισσῶν
1240 463 1619 548 θηλυτέρων.

371 555 556 615 Forte
598 554 748 613 duas
800 553 960 612 inter
1000 553 1194 625 solus,
1239 550 1591 626 mediusque
1645 550 1960 612 sedebam:

460 640 638 697 Illam
685 638 993 711 ardebam,
1038 639 1196 696 hanc
1235 659 1361 698 non
1405 636 1651 695 laedere
1694 645 1894 698 certus
1939 657 2132 699 eram.

374 728 591 801 Meque
637 724 910 783 trahebat
952 743 1194 782 amans:
1237 743 1354 801 ego
1404 722 1774 781 surabundus
1818 732 1879 781 at
1924 724 2035 782 isti

460 809 605 869 Non
650 809 794 867 totis
835 809 1022 868 labris
1066 808 1281 868 oscula
1322 827 1511 885 parca
1552 807 1797 866 dabam:

378 895 647 957 Alterius
692 893 914 954 fallens
962 895 1239 952 ardorem
1288 893 1541 964 scilicet,
1589 893 1718 951 eius

459 978 721 1038 Discidii
763 998 1015 1038 caussas
1064 980 1305 1036 aemula
1345 979 1531 1036 verba
1574 977 1812 1035 timens.

375 1065 672 1142 Ingemui,
720 1063 969 1141 dixique
1010 1064 1210 1137 simul,
1256 1063 1567 1122 Fortassis
1615 1062 1803 1120 amari

463 1149 742 1224 Undique
784 1149 1145 1226 supplicium
1195 1169 1328 1226 par,
1374 1157 1433 1206 et
1469 1167 1694 1220 amare,
1733 1146 1883 1206 mihi
1916 1154 2031 1205 est.

381 1311 1036 1394 t(71)‘H
1079 1315 1275 1397 πάρος
1322 1313 1629 1396 ἀγλαΐῃσι.

377 1404 500 1463 Illa
541 1403 706 1478 prius
745 1404 910 1461 fastu
948 1410 1220 1479 turgens,
1264 1402 1488 1459 iactare
1526 1400 1784 1477 capillos

469 1486 655 1547 Sueta
695 1488 886 1563 prius,
936 1489 1112 1563 pexis
1152 1488 1262 1544 illa
1306 1487 1570 1563 superba
1611 1484 1825 1556 comis,

378 1570 566 1633 Sueta
608 1574 760 1631 meis
804 1572 1124 1631 desideriis
1172 1572 1447 1644 illudere„
1493 1572 1751 1629 formam

459 1658 765 1716 Perdidit:
815 1658 953 1715 huic
996 1657 1220 1734 digitos
1268 1677 1417 1734 ruga
1461 1656 1674 1714 senilis
1720 1661 1868 1712 arat.

375 1742 584 1809 Ubera
623 1743 963 1814 subsidunt,
1014 1742 1228 1807 cecidit
1266 1744 1461 1813 fronS,
1515 1741 1745 1805 lumina
1784 1747 2075 1810 marcent,

461 1830 718 1886 Annoso
761 1829 1021 1885 titubant
1064 1829 1248 1886 balba
1287 1828 1513 1886 labella
1559 1845 1735 1885 sono·

379 1911 685 1972 Caniciem
725 1913 948 1971 vindex
987 1931 1141 1971 voco
1190 1933 1414 1970 numen
1456 1911 1722 1971 Amoris.
1770 1918 1829 1967 et
1870 1929 2136 1986 aequum

461 1998 716 2069 Iudicat,
760 2006 818 2054 et
863 1997 1108 2056 tumidis
1160 2006 1405 2056 strenua
1453 2015 1658 2074 poena
1694 2016 1810 2054 ven
1825 1996 1893 2053 it.

382 2163 572 2239 c(72)
941 2161 1111 2245 Αὐτή
1167 2186 1272 2246 μοι
1317 2160 1649 2246 Κυθέρεια.

376 2249 458 2308 Et
496 2247 800 2324 Cytherea
837 2260 1082 2327 potens,
1135 2260 1196 2308 et
1238 2256 1532 2310 Amorum
1575 2250 1829 2310 candida
1872 2251 2047 2308 turba

464 2335 537 2391 In
579 2336 779 2393 tabem
828 2336 1070 2394 solvent
1114 2336 1234 2394 iam
1280 2357 1386 2397 cor
1430 2338 1613 2396 inane
1650 2337 1815 2394 mihi.

377 2418 519 2478 Non
557 2421 776 2496 patiar,
823 2440 1044 2496 pueros
1081 2441 1349 2499 propero
1394 2423 1448 2481 si
1493 2422 1712 2481 stultus
1756 2439 1985 2478 amare:

461 2505 630 2562 Labe
677 2505 879 2578 etiam,
925 2526 1044 2581 qua
1084 2527 1209 2565 non
1256 2508 1491 2584 turpior
1543 2508 1688 2579 ulla,
1736 2506 1965 2563 cadam.

377 2588 518 2649 Una
563 2589 643 2648 sit
688 2591 752 2648 in
799 2592 1035 2668 culpam
1080 2593 1297 2650 mulier
1341 2593 1521 2651 satis:
1568 2593 1680 2648 hac
1720 2610 1834 2668 ego
1879 2608 2155 2666 peccem,

463 2674 783 2733 Pittalace.
826 2679 908 2735 At
949 2696 1201 2753 pueros,
1252 2677 1454 2748 stulte,
1496 2677 1774 2752 relinquo
1824 2674 1950 2733 tibi.

382 2844 575 2920 ((73)
863 2838 953 2904 Ἧ
994 2842 1071 2925 ῥά
1110 2866 1180 2923 γε
1220 2843 1322 2904 καὶ
1371 2842 1440 2904 σὺ
1493 2840 1768 2903 Φίλιννα.

374 2931 475 2989 An
516 2928 820 2988 desiderio
864 2948 1001 2986 mea
1045 2932 1314 3008 tangeris
1358 2950 1501 3007 ergo
1546 2928 1875 2987 Philinna?

462 3015 750 3092 Langues
798 3015 1109 3075 exhaustis
1147 3016 1356 3074 tabida
1395 3013 1772 3073 luminibus?

378 3102 481 3160 An*
520 3100 797 3175 placidos
838 3099 1032 3175 carpis
1076 3120 1347 3173 somnos,
1390 3109 1450 3158 et
1491 3100 1693 3158 nullus
1729 3097 1976 3157 Amoris

463 3185 847 3262 Respectus:
892 3204 1069 3243 curae
1114 3205 1262 3244 cura·
1306 3205 1417 3244 nec
1452 3185 1577 3242 ulla
1619 3203 1791 3242 meae
1833 3183 1970 3241 est?

380 3271 720 3345 Expectant
752 3279 812 3329 te
852 3289 1036 3329 saeva
1078 3272 1268 3343 viceS,
1321 3273 1684 3346 flentemque
1730 3268 1948 3326 videbo

467 3354 667 3414 Imbre
714 3376 825 3433 per
867 3355 1147 3434 indignas
1190 3375 1380 3431 usque
1419 3355 1673 3414 cadente
1714 3370 1921 3431 genas.

378 3440 454 3499 In
499 3440 703 3499 multis
746 3442 954 3500 Venus
1005 3451 1098 3501 est
1141 3442 1375 3500 varium
1421 3449 1482 3499 et
1523 3439 1830 3521 mutabile.
1876 3438 2011 3497 solo
2054 3440 2177 3498 hoc

464 3526 744 3586 Eximia:
784 3527 966 3592 elatis
1013 3544 1259 3604 semper
1302 3526 1509 3601 iniqua
1551 3526 1683 3584 fuit.
