2452 4186
1257 305 1379 364 34¹2

407 477 492 533 At
525 474 784 533 luridum
831 475 1100 533 cadaver
1124 475 1445 551 expulsum
1490 473 1659 533 foras

403 558 702 637 Delphini
745 561 954 636 aprica
999 568 1333 636 concoquet
1373 558 1684 631 Canicula,

406 645 789 720 Passumque
829 646 893 702 in
939 645 1094 722 algis
1134 646 1320 719 inque
1356 663 1561 702 musco
1602 643 1905 721 putridum

408 731 702 790 Miserata
741 731 954 788 condet
994 749 1117 787 una
1158 729 1444 789 Nesaeae
1495 748 1686 802 soror,

268 814 373 868 400
411 816 664 892 Opitula
704 815 916 872 abadir
953 815 1204 872 maximi
1249 814 1601 891 Cynaethei.

403 900 780 974 Bustumque
820 900 1164 976 proximum
1207 899 1499 958 coturnici
1540 898 1668 956 aliti

404 985 726 1057 Tremens,
774 986 1013 1043 cavebit
1055 1004 1321 1042 murmur
1358 984 1589 1061 Aegaei
1633 982 1769 1041 sali.

405 1071 579 1128 Tunc
615 1069 725 1127 illa
763 1068 1073 1128 Castniam
1119 1078 1178 1127 et
1222 1069 1589 1127 Melinaeam
1631 1069 1803 1125 deam

403 1154 753 1213 Proscindit
792 1156 990 1213 audax
1034 1154 1221 1231 Uragi
1260 1154 1324 1211 in
1369 1153 1621 1229 palati0,

269 1242 371 1295 405
408 1239 576 1313 Quae
616 1240 1004 1316 lacietillum
1048 1246 1175 1298 rete
1218 1238 1625 1296 inextricabili

404 1327 634 1385 Furore
674 1342 787 1382 nec
823 1326 1020 1383 furore
1057 1343 1264 1383 verum
1300 1322 1655 1398 Erinnyum,

407 1410 694 1468 Tendens
736 1428 1003 1467 amaram
1046 1408 1401 1486 compedem
1443 1407 1787 1465 fatitraham

409 1495 745 1569 Omnisque
788 1502 1084 1553 moestum
1125 1492 1387 1558 Graecia
1430 1491 1769 1563 eiulabitur,

408 1565 841 1655 Quamcunque
883 1580 1186 1638 Araethus
1241 1579 1406 1637 intus
1454 1585 1632 1652 atque
1674 1574 2029 1651 inhospitae

269 1669 377 1721 410
410 1665 645 1723 Fauces
690 1672 966 1722 coercent
1007 1664 1178 1723 Dotii
1215 1664 1598 1721 Libethriae:

408 1749 645 1823 Quibus
694 1768 866 1807 meae
907 1748 1004 1807 vel
1049 1750 1125 1807 ad
1166 1749 1409 1825 paludis
1453 1749 1687 1806 inferae

404 1833 629 1910 Ripam
669 1834 772 1891 diu
813 1842 954 1892 sunt
987 1833 1415 1892 lacrumandae
1452 1833 1718 1909 nuptiae.

403 1917 566 1975 Nam
608 1919 1005 1994 plurimarum
1049 1927 1257 1976 ventre
1300 1918 1676 1976 funerabitur

240 2057 243 2060 ,
406 2001 885 2062 Serratidentum
931 2004 1107 2060 fauce
1145 2022 1490 2077 camparum
1536 2001 1802 2060 abditum

269 2096 370 2149 415
405 2086 681 2145 Examen
723 2088 963 2165 ingens,
1008 2088 1397 2164 hospitesque
1438 2088 1501 2146 in
1546 2085 1783 2164 hospite

404 2173 598 2231 Terra
634 2173 920 2231 subibunt
958 2175 1141 2232 busta
1180 2173 1456 2249 cognatis
1503 2171 1735 2248 procul.

296 2286 297 2291 ¹
403 2258 565 2317 Nam
608 2258 743 2333 ripa
787 2258 1085 2333 quendam
1131 2257 1479 2333 Strymonis
1524 2255 1784 2316 Bisaltia

403 2344 861 2403 Absinthiorum
900 2344 1183 2419 proxima
1226 2351 1406 2417 atque
1446 2343 1769 2401 Bistonum

402 2429 735 2506 Vesticipis
781 2428 1037 2487 altorem
1086 2429 1377 2504 optimum
1419 2428 1660 2486 Edonos
1704 2440 1892 2502 prope

263 2523 370 2576 420
405 2514 602 2590 Teget
633 2514 828 2590 prius,
875 2514 1287 2590 Tymphresta
1328 2532 1508 2589 quam
1549 2518 1756 2569 cernat
1791 2509 1958 2584 iuga,

405 2596 531 2658 Suo
575 2598 817 2675 parenti
863 2598 1183 2674 plurimum
1228 2599 1484 2657 invisum
1532 2597 1818 2666 omnium,

405 2683 526 2758 Qui
570 2683 715 2740 fecit
757 2683 928 2740 illum
970 2683 1308 2755 caecilium,
1355 2682 1567 2742 oculos
1611 2682 1844 2749 foranS,

400 2766 617 2827 Cubile
664 2768 936 2844 spurium
981 2768 1220 2843 quando
1264 2767 1438 2826 inivit
1479 2766 1739 2843 pellicis·

402 2853 559 2912 Tres
606 2851 905 2929 Cercaphi
947 2853 1238 2928 spelunca
1279 2871 1566 2921 casuares
1608 2858 1771 2928 teget

266 2943 369 2997 425
407 2938 573 2998 Olim
619 2938 892 3014 sepulcro
935 2958 1056 2997 non
1101 2939 1175 2995 ab
1214 2939 1442 2996 Alenta
1476 2937 1713 3014 procul:

401 3022 667 3085 Molossi
710 3023 930 3081 olorem
972 3023 1317 3100 praescium
1341 3022 1596 3080 ,Insinui
1619 3020 1816 3094 Cubi,
1921 3066 1924 3075 ,

297 3136 301 3152 2
403 3106 657 3168 Scrofae
696 3108 978 3166 incientis
1024 3108 1396 3166 nescientem
1433 3107 1684 3179 delicos,
1726 3141 1736 3149 ·

404 3191 554 3251 Cum
603 3193 870 3271 caprifici
908 3193 1014 3250 lite
1065 3193 1456 3268 compellans„
1484 3199 1618 3249 cata
1659 3242 1660 3245 ,

401 3277 619 3335 Vatem
663 3278 1005 3351 aemulum,
1031 3278 1166 3354 ipse
1211 3278 1406 3337 falsus
1451 3297 1528 3335 ex
1572 3277 1820 3336 oraculo

205 3430 210 3439 ,
262 3375 368 3429 430
404 3360 698 3423 Somnum
743 3363 986 3422 Teniris
1030 3365 1449 3437 praestitutum
1501 3362 1786 3420 dormietz

400 3447 812 3522 Quartumque
857 3448 1057 3525 magni
1091 3448 1413 3507 liberorum
1462 3447 1728 3517 Diiovis,
1798 3474 1803 3481 ·

300 3570 306 3592 =.
398 3534 669 3591 Fratrem
712 3532 902 3590 dolosi
945 3533 1238 3592 Aethonis
1285 3534 1348 3591 in
1388 3533 1544 3591 fictis
1586 3532 1773 3590 notis:
