2452 4186
1257 310 1381 369 338

402 476 566 536 Olim
612 476 928 536 recludens
976 477 1184 536 ociosa
1225 478 1494 537 flumina.
1543 513 1546 517 -

403 561 534 619 Iam
576 562 738 619 culta
773 570 973 620 vastat
1018 582 1163 620 arva
1199 564 1363 621 Mars
1411 560 1853 635 Salisubsulus‚

264 642 370 696 250
401 646 739 723 Reciproco
784 655 1031 705 cruenta
1076 648 1255 724 signa
1294 648 1518 705 murice

401 731 646 790 Edens:
690 731 889 808 palam
938 732 1138 791 omnis
1185 741 1360 791 vasta
1404 732 1584 791 tellus
1634 751 1793 790 nunc
1830 734 2010 807 iacet,

400 815 746 890 Horretque
789 818 1015 876 crebris
1058 827 1125 875 ut
1165 836 1343 894 seges
1390 817 1693 875 novalium

403 899 746 962 Sicilicibus
794 920 1068 960 corusca:
1115 902 1382 960 luctuum
1425 902 1573 959 mihi

403 986 620 1044 Pinnis
663 986 865 1063 imago
914 1006 1091 1046 aures
1132 988 1207 1045 ab
1255 988 1394 1045 altis
1440 995 1753 1063 personat,

267 1071 368 1124 255
407 1069 563 1130 Oovi
607 1087 921 1130 serescens
961 1092 1136 1130 omne
1179 1072 1548 1149 pervolgans
1593 1072 1810 1130 fretum

402 1159 460 1214 A
504 1156 864 1214 feminarum
906 1176 1076 1229 voce,
1125 1158 1340 1216 scissis
1383 1158 1652 1215 vestibus

401 1241 632 1300 Luctus
681 1259 972 1315 sequaces
1015 1251 1220 1301 mutuo
1269 1242 1652 1317 capientium.

407 1324 531 1387 Sed
571 1325 720 1383 illud
762 1325 913 1382 illud
951 1334 1011 1383 te
1062 1347 1098 1385 o
1126 1337 1246 1385 ‘cor
1289 1327 1508 1384 infelix
1559 1327 1784 1384 malum

404 1411 566 1469 Illud
605 1411 871 1469 lacesset
909 1412 1189 1470 omnibus
1233 1411 1560 1485 crudeliu8‚

269 1496 376 1551 260
414 1496 535 1555 Ubi
571 1496 926 1554 fremiscens
971 1496 1218 1556 celibari
1261 1496 1499 1555 caesius

403 1582 663 1640 Versam
706 1600 899 1657 rapax
939 1581 1253 1658 sanqualis
1294 1582 1637 1640 inscribens
1682 1582 1951 1656 humum,

406 1665 686 1740 Urvoque
724 1666 915 1724 lirans
957 1668 1216 1725 orbitam
1257 1668 1530 1724 anfractu
1570 1667 1705 1724 viae

407 1751 717 1809 Bubulcus
761 1750 1111 1827 imporcitor
1153 1752 1352 1828 ampli
1380 1751 1571 1828 iugeri

404 1834 783 1894 Horrendum
832 1837 1022 1895 acutis
1062 1856 1168 1895 ore
1212 1837 1561 1913 clangorem
1594 1838 1781 1910 ciens,
1823 1881 1824 1884 η
1937 1840 2180 1914 [acutus
2193 1841 2246 1916 ἓ]

269 1922 372 1977 265
406 1920 682 1979 Fratrum
728 1928 967 1978 tuorum
1007 1922 1198 1978 filium
1244 1922 1624 1980 carissimum

405 2005 550 2063 Ptoi
595 2006 869 2079 parentis
913 2024 991 2063 ex
1035 2007 1218 2064 humo
1263 2025 1472 2065 susum
1520 2007 1825 2080 auferenS,

412 2093 599 2149 Artus
642 2098 962 2149 cruentans
1009 2110 1205 2167 ungue
1254 2101 1313 2148 et
1353 2092 1604 2149 immani
1647 2112 1823 2170 gena,

407 2176 614 2233 Tifata
655 2175 855 2251 patria
889 2177 1028 2233 tabo
1073 2185 1132 2233 et
1175 2196 1322 2234 arva
1368 2177 1621 2253 polluet,

406 2261 486 2319 Et
524 2260 822 2336 libripens
867 2261 1083 2320 trionis
1133 2262 1321 2321 occisi
1367 2262 1587 2339 stipem

270 2348 374 2403 270
405 2345 636 2404 Ferens
681 2345 897 2422 aginae
948 2347 1356 2405 examinatam
1395 2348 1695 2418 lancibu8‚

406 2431 488 2489 Et
526 2449 736 2489 rursus
782 2431 1249 2506 aequipondium
1291 2432 1675 2491 redhostieus

408 2515 572 2573 Rodi
614 2516 892 2574 micantis
936 2517 999 2573 in
1039 2523 1267 2575 statera
1307 2520 1569 2588 auraria,

409 2600 639 2658 Bacchi
673 2601 893 2658 iacebit
936 2602 1258 2660 funeratus
1298 2603 1613 2678 amphora,

410 2684 739 2758 Fletusque
777 2685 1085 2762 Nymphis
1132 2687 1443 2761 inquilinis
1496 2687 1764 2763 Bephyri

272 2775 374 2829 275
413 2768 722 2844 Superque
765 2770 1106 2848 Pimpleam
1150 2781 1356 2847 petrae
1407 2772 1779 2843 Libethriae‚

413 2853 788 2914 Cadaverum
829 2856 1110 2932 propola,
1155 2858 1259 2930 qui
1299 2857 1485 2914 fatum
1531 2865 1797 2914 tremens

409 2940 832 2999 Effeminatam
874 2942 1117 3017 corpori
1158 2942 1386 3018 pallam
1430 2943 1656 3014 induet,

408 3025 627 3083 Insilia
667 3034 932 3084 tractans
977 3027 1417 3102 staminumque
1459 3027 1812 3085 insubulos:

413 3110 654 3188 Tanget
695 3130 1008 3187 supremus
1056 3112 1315 3170 vinciam
1353 3112 1638 3171 hostilem
1679 3110 1855 3187 pede,

275 3203 380 3257 280
414 3195 527 3267 Te,
568 3195 774 3269 frater,
819 3217 1002 3255 unum
1050 3196 1145 3255 vel
1187 3217 1418 3273 pavens
1450 3198 1521 3255 in
1567 3195 1843 3256 somniis.

413 3277 668 3352 Qualem
712 3282 829 3338 heu
874 3301 1036 3354 rues,
1081 3282 1353 3340 Fortuna
1394 3282 1720 3340 luctantem
1763 3281 2001 3355 domus,

324 3418 327 3429 ,
409 3364 655 3422 Patriae
701 3366 961 3424 caducae
1007 3368 1368 3427 subtrahens
1415 3367 1741 3425 tibicinem.

409 3449 556 3508 Non
603 3451 832 3524 absque
872 3452 1157 3527 lacrymis
1199 3460 1377 3527 atque
1412 3452 1582 3511 lesso
1625 3451 1828 3511 riserit

411 3535 666 3612 Impune
707 3535 864 3595 latro
909 3536 1281 3597 Doriensum
1313 3537 1620 3596 exercitus
