2452 4186
1125 257 1203 317 93

337 425 534 500 Quam
575 426 747 487 dirae
786 426 1024 484 titulum
1065 428 1279 486 mortis
1322 427 1544 485 habere
1579 428 1793 503 potes?

253 511 411 586 Quid
451 511 565 570 tibi
608 530 743 570 cum
786 512 948 570 claro
998 521 1092 570 est
1134 512 1326 570 radiis
1372 511 1733 587 Hyperione
1778 514 2019 574 cincto?

333 597 550 656 Redde
593 596 724 654 orbi
768 595 1065 654 Dousam.
1124 597 1214 657 sol
1259 605 1387 655 erat
1426 597 1532 654 ille
1575 605 1732 655 tuus.

253 681 379 743 Sed
421 681 566 756 quid
608 699 762 739 vana
805 681 1070 756 queror?
1116 683 1256 740 dum
1303 700 1476 740 mens
1523 682 1715 739 evicta
1755 683 1970 742 dolore

334 768 544 825 Verba
580 766 722 824 iacit
767 767 967 825 surdis
1014 767 1350 842 diripienda
1395 765 1617 825 Notis?

255 852 431 928 Quod
473 852 617 922 fleo,
657 871 780 909 non
824 850 1113 929 lacrimis,
1152 872 1277 910 non
1320 861 1414 909 est
1439 853 1783 911 revocabile
1823 862 2063 930 questu.

336 938 613 994 Iacturae
659 944 860 994 tantae
905 956 1022 994 non
1071 937 1233 1012 capit
1272 936 1361 994 ira
1403 937 1667 996 modum.

251 1022 403 1081 Flos
449 1021 753 1079 hominum
798 1039 952 1096 quae
998 1030 1058 1079 te
1103 1022 1301 1080 nostri
1341 1021 1630 1081 feralibus
1674 1024 1808 1081 aevi

338 1106 658 1165 Infensum
704 1106 864 1165 vitiis
913 1106 1083 1164 ocior
1118 1126 1264 1164 aura
1304 1106 1504 1182 rapit?

253 1190 391 1250 Nec
433 1191 545 1249 tibi
587 1190 882 1263 concessi,
928 1191 1169 1250 modico
1209 1210 1357 1266 quos
1401 1191 1592 1249 limite
1629 1193 1783 1251 fines

341 1276 671 1352 Temporis
714 1276 960 1333 humani
1000 1277 1160 1334 iusta
1205 1284 1450 1335 senecta
1495 1276 1665 1351 petit.

256 1360 383 1423 Sed
427 1361 663 1418 medius
709 1360 977 1420 moriens
1023 1361 1183 1419 inter
1223 1361 1624 1436 iuvenemque
1657 1356 1984 1440 senemque

338 1445 477 1504 Nec
521 1445 727 1503 iuveni
771 1445 1041 1522 propior,
1095 1445 1471 1522 posteriorve
1514 1464 1682 1518 sene,

252 1531 406 1591 Non
446 1538 796 1605 exspectata
840 1531 1055 1588 hiemis
1095 1532 1359 1590 statione
1401 1530 1658 1602 recediS,

341 1620 652 1675 Autumno
694 1614 853 1673 vitae
891 1625 1317 1691 praetereunte
1361 1621 1519 1673 tuae.

253 1703 355 1762 Ah
395 1720 498 1759 cur
540 1720 659 1757 non
703 1718 900 1758 annos
946 1701 1192 1758 totidem
1234 1700 1344 1758 tibi
1391 1700 1607 1758 sistere
1646 1718 1918 1776 possum,

344 1785 510 1860 Quot
552 1804 790 1847 morum
838 1785 1051 1845 merito
1087 1788 1291 1844 vivere
1332 1784 1548 1861 dignus
1595 1802 1764 1844 eras:

253 1873 342 1934 Ut
387 1871 601 1930 saltem
649 1871 927 1929 humanis
974 1890 1098 1930 non
1144 1880 1264 1929 tam
1313 1869 1428 1929 cito
1472 1871 1653 1928 rebus
1702 1871 2019 1949 ademptus

345 1956 600 2032 Hospes
643 1955 707 2013 in
750 1955 983 2032 Elysiis
1025 1956 1284 2015 vallibus
1332 1956 1544 2013 umbra
1586 1954 1801 2014 fores?

257 2041 385 2105 Sed
427 2040 566 2116 quia
609 2039 912 2099 lanificum
956 2041 1171 2119 rigidis
1218 2047 1381 2099 vetat
1423 2040 1574 2099 ordo
1622 2058 1891 2100 sororum

341 2125 639 2204 Legibus,
684 2134 744 2202 et
781 2126 927 2188 dura
968 2135 1132 2187 stant
1175 2126 1492 2184 adamante
1535 2144 1729 2198 serae,
1781 2193 1788 2206 ἱ

257 2211 447 2289 Quod
490 2230 767 2286 possum,
812 2212 992 2269 facio:
1039 2211 1405 2289 singultibus
1453 2229 1592 2268 aera
1637 2212 1884 2285 nudum,

342 2301 543 2372 Atque
581 2296 931 2371 interruptis
977 2297 1178 2355 sidera
1217 2296 1400 2372 pulso
1441 2296 1644 2355 sonisz

253 2382 342 2443 Ut
384 2382 440 2441 si
478 2401 606 2439 non
646 2380 810 2439 aliud
852 2379 1027 2440 verso
1068 2400 1283 2457 querar
1331 2379 1543 2439 ordine
1585 2398 1786 2438 rerum

341 2469 502 2525 Ante
546 2465 710 2523 diem
757 2466 915 2524 vitae
961 2485 1157 2542 pensa
1195 2474 1435 2525 resecta
1478 2472 1639 2536 tuae,

253 2555 458 2626 Atque
497 2568 695 2609 annos
738 2568 1151 2627 quoscumque
1194 2550 1307 2608 tibi
1352 2557 1493 2626 post
1535 2557 1704 2625 terga
1744 2548 2033 2624 relinquit

343 2635 495 2695 Non
537 2642 892 2711 exspectato
936 2637 1059 2694 fine
1102 2644 1343 2712 peracta
1388 2635 1537 2693 dies.

254 2721 647 2797 Alloquimur
693 2718 985 2796 Superos.
1029 2722 1272 2798 tepidae
1318 2739 1429 2780 sua
1470 2719 1653 2780 verba
1697 2725 2048 2794 sequuntur,

345 2808 538 2881 Inque
584 2805 714 2866 suis
760 2805 1045 2864 lacrimae
1089 2807 1403 2882 questibus
1446 2824 1553 2864 ora
1594 2803 1811 2881 rigant.

255 2890 395 2952 Nec
437 2892 655 2949 flemus
701 2890 921 2950 surdis.
962 2891 1343 2967 respondent
1385 2890 1625 2950 fletibus
1675 2907 1909 2962 amnes,

349 2975 520 3049 Quos
564 2996 690 3034 non
741 2977 1000 3053 exiguos
1047 2985 1206 3034 terra
1244 2976 1475 3035 Batava
1515 2974 1687 3046 bibit,

257 3063 497 3133 Renus,
542 3069 603 3118 et
645 3060 708 3117 in
746 3061 904 3120 Reni
941 3061 1271 3121 moriturus
1316 3062 1488 3120 Mosa
1532 3059 1789 3132 lacunis,

350 3147 432 3204 Et
469 3146 676 3223 magni
724 3145 886 3205 Reni
921 3147 1120 3222 portio
1160 3164 1380 3223 magna
1423 3144 1635 3203 Vahal.

259 3233 412 3309 Ipse
451 3231 632 3296 etiam
673 3231 940 3290 lacrimis
983 3249 1142 3289 nunc
1186 3230 1585 3290 auxiliaribus
1629 3236 1838 3288 auctus

352 3315 632 3374 Infrenes
677 3316 841 3374 nullo
884 3317 1154 3393 margine
1195 3316 1330 3376 finit
1371 3332 1581 3389 aqum,

262 3401 743 3476 Priscorumque
782 3400 975 3459 larum
1017 3400 1200 3460 funus
1243 3399 1471 3477 gentile
1516 3398 1837 3475 professus

355 3485 618 3545 Insolito
655 3486 821 3563 ripas
870 3485 1144 3548 Dousius
1194 3503 1370 3544 amne
1413 3484 1650 3560 premit.
