2452 4186
1063 365 1185 425 259

742 525 817 592 ‘O
866 530 1001 614 πρὶν
1050 531 1147 593 ἀεὶ
1185 526 1486 614 Βρομίου.
1890 537 2035 600 α47

208 616 315 675 Ille
358 617 531 694 prius
574 616 829 676 Bromio
872 619 1140 678 titubans
1189 618 1448 696 vestigia
1486 638 1647 692 rore,

172 722 181 729 ³
286 703 402 761 Ille
447 721 648 761 comes
691 702 950 762 Bacchis
992 705 1335 781 semicaper
1380 702 1658 781 Satyrus,

206 787 295 846 En
335 786 513 863 paria
554 795 762 865 aerata
800 788 1113 848 devinctus
1157 789 1452 866 compede
1497 809 1693 862 crura,

282 870 466 930 Nunc
506 880 652 931 nato
699 872 980 933 Thetidis
1025 875 1286 933 fabricat
1326 892 1496 932 arma
1536 873 1729 934 Deac.

205 954 344 1016 Non
391 956 636 1033 quidem
682 959 967 1041 honorato
1012 959 1362 1037 defungitur
1396 959 1501 1017 ille
1544 960 1773 1033 labore,

285 1041 409 1102 Sed
446 1042 731 1101 miseram
764 1043 877 1100 hac
919 1044 1103 1102 vitam
1152 1045 1414 1104 sustinet
1461 1053 1591 1102 arte
1638 1065 1830 1104 suam.

714 1206 847 1271 Ποῦ
893 1231 991 1270 σοι
1029 1212 1203 1271 κεῖνα
1231 1209 1528 1271 κύπελλα.
1887 1216 2026 1273 α47

208 1294 376 1353 Nunc
420 1295 525 1353 ubi
574 1304 715 1353 sunt
753 1297 998 1370 calices,
1043 1297 1147 1354 ubi
1192 1316 1347 1373 quos
1389 1297 1654 1355 iaculare
1698 1298 1945 1358 solebas

284 1380 584 1458 Thyrsos,
635 1389 695 1438 et
733 1389 934 1458 potus,
976 1383 1185 1441 Faune
1222 1382 1484 1458 petulco,
1527 1382 1656 1440 tui?

209 1465 351 1540 Quis
401 1467 584 1523 limae
625 1466 927 1525 admovit?
965 1468 1100 1544 quis
1147 1467 1364 1524 vinclis
1407 1467 1602 1524 induit
1641 1467 1859 1526 artus?

285 1551 480 1626 Quem
523 1550 751 1608 Bacchi
789 1571 974 1611 cunas
1019 1552 1398 1610 convoluisse
1439 1552 1656 1610 ferunt.

206 1633 550 1713 Pauperies,
598 1636 882 1711 durisque
925 1655 1147 1714 urgens
1189 1637 1254 1694 in
1294 1638 1477 1695 rebus
1522 1647 1789 1714 egestae,

282 1721 557 1779 Vulcano
599 1721 828 1779 fumum
873 1742 969 1780 me
1008 1724 1215 1781 bibere
1261 1722 1369 1779 illa
1410 1723 1592 1781 dedit.

783 1884 1178 1970 Ἐθραῦσθης
1222 1889 1427 1971 ἠλεῖα.
1880 1895 2020 1952 α55

208 1973 521 2033 Potantum
566 1976 632 2032 in
672 1975 812 2033 rixa
856 1977 1147 2052 crepuisti
1187 1977 1402 2048 fracta,
1451 1983 1736 2053 tuumque

281 2061 510 2121 Fudisti
554 2068 672 2119 toto
712 2069 943 2135 ventre,
988 2062 1230 2140 lagena,
1267 2082 1516 2121 merum.

203 2148 431 2222 Aspera
467 2167 607 2204 nam
646 2147 780 2205 saxi
822 2147 914 2206 vis
958 2149 1191 2207 eminus
1235 2148 1446 2206 incidit
1479 2150 1543 2206 in
1588 2157 1670 2220 te,

278 2231 422 2291 Non
466 2232 654 2304 Iovis,
701 2240 764 2289 at
806 2232 965 2291 Iovii
1005 2234 1197 2291 missa
1242 2241 1491 2310 repente
1532 2252 1733 2291 manu.

199 2315 502 2389 Riserunt,
549 2317 731 2374 ictam
765 2318 866 2391 qui
908 2323 966 2374 te
1004 2318 1209 2375 videre
1260 2318 1531 2388 sodales,

277 2403 355 2460 Et
392 2402 594 2460 sonuit
628 2402 826 2459 mistis
865 2402 1128 2479 plurima
1174 2404 1350 2460 turba
1395 2402 1570 2460 iocis·

199 2479 329 2544 Non
373 2506 484 2564 ego
523 2495 584 2543 te
622 2486 862 2545 doleam
915 2486 1222 2544 Bacchum
1270 2487 1610 2563 peperisse,
1656 2486 1937 2563 Lagena:

274 2572 413 2631 Hoc
455 2572 645 2629 fatum
693 2570 976 2632 Semelae
1015 2592 1126 2648 par
1171 2572 1287 2629 erit
1328 2579 1507 2647 atque
1547 2572 1675 2629 tibi.

746 2734 993 2818 Χρυσὸν
1045 2739 1198 2821 ἀνὴρ
1247 2738 1467 2821 εὑρὼν.
1874 2759 1913 2797 α
1933 2740 2015 2798 84

201 2822 447 2897 Quidam
473 2846 622 2885 auro
648 2827 894 2883 invento
924 2827 1208 2904 laqueum
1236 2826 1468 2885 abiicit:
1496 2826 1649 2882 alter
1677 2825 1782 2882 ubi
1806 2844 2018 2883 aurum

273 2910 418 2971 Non
457 2912 704 2988 reperit,
751 2913 939 2969 nectit
977 2931 1152 2987 quem
1197 2912 1426 2989 reperit
1460 2911 1760 2985 laqueum.

689 3074 797 3144 Εἰς
825 3073 1052 3139 Ῥόδον
1101 3079 1154 3139 εἰ
1196 3077 1473 3139 πλεόσοι.
1918 3077 2015 3161 β6

198 3161 401 3222 Utrum
439 3165 721 3224 adeunda
765 3165 1015 3224 Rhodos
1068 3166 1383 3224 consultus
1428 3163 1783 3239 Olympicus
1828 3181 2019 3245 augur

275 3248 728 3327 Solvendaeque
773 3251 951 3309 foret
976 3269 1130 3325 quae
1173 3252 1273 3308 via
1316 3258 1445 3307 tuta
1486 3249 1625 3320 rati,

200 3330 285 3391 Sit
318 3336 579 3411 primum
618 3356 772 3394 nova
813 3336 1013 3408 navis,
1053 3337 1163 3393 ait:
1209 3331 1523 3393 dis‘cedere
1574 3334 1786 3391 bruma

274 3419 485 3494 Parce,
536 3422 642 3480 sed
686 3422 922 3480 aestivo
965 3421 1163 3479 sidere
1208 3421 1345 3478 vela
1388 3420 1543 3476 dato.

196 3498 325 3562 Hoc
359 3508 516 3564 bene
566 3507 620 3565 si
664 3506 850 3578 faxis,
895 3507 1009 3563 huc
1050 3507 1167 3565 ibis
1211 3513 1399 3577 tutus,
1447 3512 1507 3562 et
1544 3503 1710 3578 illuc,

279 3588 342 3649 Si
382 3612 512 3651 non
557 3591 773 3669 piratis
817 3592 997 3650 obvia
1039 3593 1268 3670 praeda
1310 3590 1608 3733 venisst*
