2452 4186
1222 323 1347 383 310

367 490 532 548 Iram
575 490 836 548 ferocem
877 490 1165 565 deprecer
1211 492 1413 570 gravis
1455 491 1647 550 Deae.

368 577 520 634 Mox
559 575 821 649 aliquem
870 575 1051 634 adibo
1096 578 1468 654 inhospitum
1515 585 1576 635 et
1613 585 1842 636 tescum
1888 578 2123 653 locum,

371 661 707 734 Telumqne
750 660 838 719 ibi
876 661 1363 723 inimicissimum
1409 664 1542 736 hoc,
1591 681 1799 722 ensem
1845 682 2070 738 meum,

370 746 455 806 Ut
496 745 699 804 videat
736 745 889 802 illud
928 765 1126 822 nemo,
1171 748 1488 807 defossum
1534 749 1809 821 obruam,

232 824 337 878 660
373 828 497 891 Sed
537 829 828 888 creditum
878 831 1098 906 Orcus,
1141 851 1379 907 noxque
1423 833 1762 892 servassint
1805 835 1941 892 sibi.

368 915 532 974 Nam
579 915 840 989 denique
880 934 958 973 ex
1000 937 1115 992 quo
1159 925 1539 976 muneratum
1581 926 1851 994 tempore

367 1001 497 1077 Ego
533 999 685 1057 illud
722 1001 963 1059 hostica
999 1001 1282 1061 Hectoris
1321 1003 1459 1079 cepi
1497 1022 1720 1069 manu:

367 1085 611 1143 Exinde
656 1085 911 1160 adeptus
955 1087 1044 1144 nil
1092 1105 1225 1146 sum
1280 1088 1356 1145 ab
1396 1087 1637 1164 Argivis
1688 1088 1849 1146 boni.

370 1168 603 1231 Scitum
648 1178 743 1229 est
780 1170 844 1228 in
889 1190 991 1228 ore
1037 1174 1148 1230 hoc
1194 1173 1464 1230 omnium
1511 1172 1736 1230 dictum
1777 1180 1991 1232 vetust

231 1250 335 1305 665
371 1255 649 1315 Infausta
693 1273 946 1314 munera
991 1257 1281 1330 hostium,
1325 1275 1436 1315 nec
1476 1277 1745 1315 munera.

369 1340 695 1400 Discamus
743 1360 883 1418 ergo
925 1341 990 1399 in
1031 1351 1335 1400 caeterum
1378 1339 1529 1401 Deis
1574 1342 1769 1400 locum

372 1424 625 1497 Cedere,
668 1431 729 1483 et
765 1426 1056 1485 honorem
1099 1428 1365 1486 debitum
1411 1427 1642 1486 Atridis
1686 1428 1848 1486 dare.

367 1509 530 1570 Nam
573 1509 880 1587 principes
927 1521 1088 1585 sunt,
1134 1513 1587 1586 obsequendum
1631 1518 1756 1570 est:
1800 1513 2133 1589 quippini?

367 1597 447 1653 Et
490 1595 703 1673 gravia
747 1614 902 1670 quae
948 1605 1108 1670 sunt,
1149 1616 1423 1671 quaeque
1469 1605 1610 1655 sunt
1652 1597 2022 1674 immania[,]

232 1679 336 1733 670
372 1678 609 1739 Cedunt
646 1680 882 1739 honori.
927 1683 1087 1740 cedit
1127 1690 1186 1739 et
1233 1683 1334 1740 vis-
1363 1682 1690 1758 ninguidae

369 1765 636 1838 Hiemis,
678 1766 782 1823 ubi
825 1774 1030 1825 aestas
1078 1776 1278 1824 macta
1320 1767 1596 1844 frugibus
1645 1769 1827 1825 venit.

373 1849 611 1911 Cedunt
658 1858 718 1907 et
746 1851 922 1926 ipsae
965 1851 1163 1910 noctis
1206 1853 1498 1911 obscurae
1539 1853 1703 1911 vices

368 1936 523 1994 Luci
568 1935 856 1993 albicanti
898 1935 1102 1993 lumen
1141 1937 1366 1994 almum
1404 1937 1753 1995 accendere.

371 2020 455 2078 Et
496 2020 689 2076 maria
734 2020 979 2079 tumidis
1026 2022 1306 2079 intonata
1347 2022 1591 2080 flatibus

231 2104 332 2157 675
367 2105 645 2163 Posuere
685 2105 920 2163 fluctus.
969 2106 1158 2164 victor
1198 2107 1469 2165 omnium
1515 2126 1701 2183 sopor

369 2189 671 2247 Devincta
714 2190 886 2247 laxat
924 2192 1217 2263 membra,
1264 2210 1377 2249 nec
1421 2211 1663 2268 semper
1699 2197 1881 2249 tenet.

369 2276 448 2334 Et
497 2293 607 2352 ego
650 2275 929 2333 modesta
962 2276 1128 2333 facta
1172 2277 1438 2334 dubitem
1483 2276 1806 2353 persequi?

371 2358 595 2432 Quare,
641 2367 706 2417 ut
743 2379 964 2436 reapse
1007 2381 1202 2437 nuper
1249 2369 1535 2438 expertus
1581 2362 1690 2433 fui,

369 2444 507 2503 Hac
546 2446 667 2502 fine
711 2464 976 2521 semper,
1016 2464 1262 2520 censeo,
1307 2448 1616 2504 inimicum
1665 2446 1890 2518 oderiS,

231 2525 335 2581 680
372 2529 690 2605 Tanquam
731 2530 890 2590 idem
936 2531 1164 2589 amicus
1213 2533 1293 2590 sit
1331 2533 1587 2591 futurus.
1627 2531 1893 2589 indidem

369 2615 442 2673 In
478 2622 710 2673 tantum
753 2615 948 2674 amico
993 2617 1267 2675 munifex
1309 2636 1540 2675 morem
1580 2636 1807 2694 geram,

370 2700 688 2775 Tanquam
731 2719 844 2757 nec
884 2701 1043 2758 idem
1095 2702 1175 2760 sit
1214 2703 1470 2760 futurus.
1510 2701 1758 2778 plurimi

367 2785 700 2862 Appellere
741 2785 941 2860 ipsum
982 2795 1224 2862 portum
1267 2786 1568 2844 amicitiae
1614 2786 1845 2843 timent.

371 2868 496 2931 Sed
536 2870 697 2929 belle
734 2870 1043 2929 habebunt
1076 2872 1217 2931 ista.
1259 2881 1322 2929 tu
1367 2890 1510 2930 vero
1551 2871 1789 2929 interim

230 2954 333 3008 685
367 2955 541 3014 Intus
585 2973 834 3031 precare
876 2957 1192 3031 perpetim,
1235 2956 1470 3029 mulier,
1524 2956 1711 3028 Deos,

282 3067 285 3068 ⁷
370 3038 706 3100 Succedere
749 3037 878 3113 illa,
929 3060 1082 3115 quae
1130 3041 1348 3100 sedent
1390 3042 1617 3114 anime,
1666 3039 1891 3098 omnia.

367 3125 447 3183 Et
488 3144 624 3199 vos,
668 3126 938 3199 sodaleS,
980 3127 1151 3200 paria
1194 3126 1685 3203 comprecamini.

368 3211 657 3267 Mandata
699 3211 899 3269 verbis
946 3211 1098 3268 haec
1137 3212 1291 3271 meis
1341 3211 1577 3269 Teucro
1619 3212 1788 3268 date:

368 3294 474 3354 Uti
518 3313 635 3353 nos
685 3296 961 3367 amassit,
1004 3304 1070 3354 ut
1108 3297 1255 3355 velit
1286 3297 1461 3356 vobis
1509 3297 1684 3355 bene.

229 3382 335 3436 690
368 3378 740 3439 Proficiscor
777 3380 944 3452 illuc,
998 3400 1116 3457 quo
1158 3382 1428 3457 profecto
1475 3377 1653 3457 opus¹
1678 3379 1825 3439 mihi
1869 3386 1984 3437 est.

368 3465 500 3524 Vos
542 3467 715 3523 iussa
755 3473 1119 3541 perpetrate.
1164 3468 1340 3525 forsit
1380 3467 1456 3524 de
1499 3486 1638 3524 mea

369 3550 580 3612 Salute
615 3550 963 3623 inaudietis,
1008 3552 1124 3609 etsi
1149 3553 1483 3629 perieram.
1545 3569 1550 3570 ⁷
