2452 4186
1174 350 1181 361 ,
1242 291 1364 350 144

394 449 631 537 Μηδεὶς
668 453 905 537 γένοιτο
952 451 1303 540 Μεγαρέων
1352 454 1729 540 σοφώτερος.

393 534 608 619 Μηδὲν
659 537 795 621 μέγ’
838 537 1037 622 εἴπης,
1076 541 1213 624 πρὶν
1256 542 1690 624 τελευτήσαντ’
1737 540 1898 625 ἴδῃς.

393 619 527 684 Μία
572 624 838 707 χελιδὼν
883 623 997 686 οὐκ
1043 621 1155 709 ἔαρ
1202 623 1358 708 μόνη
1401 629 1586 688 ποιεῖ.

393 706 598 775 Μίδας
638 707 753 790 γὰρ
799 706 861 769 ἐν
908 707 1179 793 κύβοισιν
1222 710 1669 796 εὐβολώτατος.

393 790 603 877 Μικρὰ
647 792 716 854 δὲ
752 791 1060 875 πρόφασίς
1101 793 1230 856 ἐστι
1270 800 1381 858 τοῦ
1418 794 1645 877 πρᾶξαι
1685 798 1911 864 κακῶς.

393 875 654 961 Μικροῖς
697 877 806 959 μὲν
855 875 1219 958 αὐλίσκοισι,
1267 879 1564 989 φορβείας
1608 876 1666 941 δ’
1712 876 1878 962 ἄτερ.

394 959 630 1044 Μικρός
664 982 736 1042 γε
777 964 971 1043 μῆκος
1016 959 1217 1038 οὗτος,
1265 965 1386 1029 ἀλλ
1461 963 1624 1031 ἅπας
1665 961 1868 1032 κακός.
1911 1010 1924 1021 .

394 1043 609 1128 Μόνης
651 1043 752 1107 ἐπ’
803 1044 1013 1128 αὐτῆς,
1058 1046 1328 1131 ἀγκύρας
1374 1046 1739 1130 σαλεύομεν.

395 1127 790 1213 Μωμήσεταί
823 1151 911 1198 τις
949 1129 1190 1206 θᾶττον,
1232 1133 1272 1215 ἢ
1319 1133 1668 1215 μιμήσεται.

396 1211 637 1297 Μῶμος
684 1214 754 1277 δὲ
795 1213 988 1277 πάνθ’
1038 1216 1200 1300 ὁρῶν
1249 1219 1469 1281 ἑαυτὸν
1515 1215 1634 1300 οὐχ
1676 1219 1814 1301 ὁρᾷ.

395 1294 593 1382 Νέμει
634 1300 911 1367 πολίταις
955 1300 1222 1383 μητέρας
1258 1299 1679 1384 Πολυκράτης.

386 1378 466 1446 ‘O
555 1384 783 1453 οἱσανος
818 1383 1018 1468 ἤθους
1063 1384 1218 1448 ἐστὶν
1266 1385 1600 1469 ἀνθρώπου
1636 1385 1880 1469 χρόνος.

384 1462 466 1530 Ὅ
513 1385 801 1552 getha-poc
837 1471 1032 1537 πλοῦς
1078 1470 1204 1532 ἐστὶ
1251 1471 1450 1553 δήπου
1496 1468 1847 1552 λεγόμενος,

482 1550 553 1614 ἂν
605 1553 886 1636 ἀποτύχῃ
930 1553 1019 1620 τὶς
1057 1554 1423 1636 πνεύματος,
1463 1555 1730 1616 κώπαισι
1772 1556 1968 1618 πλεῖν.

388 1633 466 1701 ‘O
511 1633 670 1704 Ζεὺς
713 1638 958 1699 κατεῖδε
1001 1636 1251 1721 χρόνιος
1295 1639 1381 1707 εἰς
1423 1637 1530 1704 τὰς
1575 1637 1893 1722 διφθέρας.

390 1718 466 1786 Ὁ
514 1718 696 1802 λόγος
737 1722 770 1783 ὁ
809 1723 1052 1804 τρώσας
1091 1722 1276 1790 αὐτὸς
1314 1720 1448 1784 ἔστ’
1499 1722 1779 1802 ἰώμενος.

389 1802 466 1870 Ὃ
515 1804 625 1886 μὲν
674 1803 1033 1889 ἐξυφαίνεὲΥ
1085 1806 1268 1884 ἱστὸς,
1311 1808 1364 1869 ί)ι
1393 1806 1462 1869 δὲ
1502 1806 1792 1877 διάζεται.

390 1887 467 1954 ‘O
508 1893 652 1956 νοῦς
685 1891 801 1973 γάρ
849 1890 976 1951 ἐστι
1018 1894 1125 1972 τῆς
1165 1890 1473 1974 τραπέζης
1515 1891 1796 1973 πλησίον.

389 1972 466 2038 ‘O
512 1977 614 2035 νῦν
653 1974 761 2055 μὲν
806 1973 1030 2049 οὐδεὶς,
1079 1974 1292 2059 αὔριον
1341 1975 1404 2037 δ’
1447 1973 1815 2057 ύπερμέγας.

389 2055 466 2123 Ὁ
513 2058 718 2121 πολλὰ
760 2057 1014 2140 κλέψας,
1064 2060 1242 2142 ὀλίγα
1284 2058 1429 2128 δοὺς
1473 2059 1853 2144 ἐκφεύξεται.

383 2141 466 2207 ’Ὃ
513 2145 706 2226 σοφὸς
746 2144 809 2206 ἐν
851 2144 1021 2229 αὐτῷ
1057 2145 1380 2230 περιφέρει
1419 2144 1527 2227 τὴν
1563 2145 1799 2207 οὐσίαν.

385 2224 466 2291 Ὃ
507 2226 693 2290 τόπον
738 2228 1011 2313 ἀμείβων
1059 2230 1173 2293 οὐκ
1211 2231 1455 2314 ἀμείβει
1493 2231 1596 2293 τὸν
1639 2228 1884 2312 τρόπον.

389 2309 586 2376 Ὁδοῦ
625 2313 946 2398 παρούσης
983 2315 1252 2397 ἀτραπὸν
1301 2318 1500 2398 ζητεῖν
1543 2315 1762 2381 δοκεῖς.

392 2395 676 2479 Ὀζῶμεν
720 2399 958 2481 ἀνδρῶν
1000 2399 1267 2469 αὐτόδαξ
1308 2398 1725 2484 ὠργισμένων.

400 2482 476 2549 Οἱ
527 2482 635 2564 μὲν
679 2481 793 2565 γὰρ
837 2483 1045 2546 οὐκέτ’
1096 2485 1278 2547 εἰσὶν·
1330 2486 1389 2547 οἱ
1431 2484 1493 2547 δ’
1537 2482 1708 2550 ὄντες
1750 2482 1949 2546 κακοί.

400 2566 479 2633 Οἱ,
523 2566 630 2649 μὲν
680 2565 836 2649 πάρ’
884 2567 1069 2631 οὐδέν
1117 2570 1291 2642 εἰσιν,
1334 2569 1425 2637 οἷς
1473 2566 1534 2631 δ’
1584 2565 1765 2629 οὐδὲν
1811 2566 2011 2649 μέλει.

400 2649 633 2732 Οῗαπερ
678 2651 720 2712 ἁ
767 2649 1084 2732 δέσποινα,
1122 2653 1330 2716 τοῖάδ)
1369 2654 1409 2715 ἁ
1453 2651 1640 2715 κύων.

399 2733 550 2800 Οἶδέ
598 2757 665 2796 τε
709 2733 955 2799 Πυλαία
996 2741 1210 2817 ταῦτα’,
1255 2738 1359 2800 καὶ
1404 2734 1729 2819 Τεττιγίας.

399 2816 605 2887 Οἰκεῖς
650 2818 993 2897 θάλασσαν,
1038 2819 1305 2901 Γλαῦκε,
1351 2825 1458 2904 τῆς
1498 2821 1658 2889 πόας
1708 2824 1946 2905 φαγών.

399 2901 575 2968 Οἴκοι
613 2902 878 2980 λέοντες,
924 2904 986 2966 ἐν
1033 2907 1203 2989 μάχῃ
1250 2905 1309 2968 δ’
1353 2907 1690 2974 ἀλώπεκες.

399 2986 574 3053 Οἴκοι
617 2987 818 3070 μένειν
866 2989 966 3051 δεῖ
997 2990 1099 3051 τὸν
1143 2993 1351 3059 καλῶς
1396 2991 1756 3073 εὐδαίμονα.

399 3070 576 3137 Οἴκοι
619 3073 695 3135 τὰ
735 3070 1064 3157 Μιλήσεια.
1116 3076 1197 3158 μὴ
1239 3074 1354 3159 γὰρ
1399 3075 1643 3138 ἐνθάδε.

399 3155 586 3222 Οἴνου
630 3159 699 3221 δὲ
740 3157 822 3240 μὴ
867 3158 1169 3243 παρόντος
1213 3159 1328 3223 οὐκ
1369 3160 1494 3222 ἐστὶ
1535 3157 1788 3242 Κύπρις.

399 3239 586 3307 Οἴνου
629 3241 942 3310 κατιόντος
984 3242 1376 3308 ἐπιπλέουσιν
1421 3245 1481 3307 οἱ
1519 3244 1714 3326 λόγοι.

399 3323 564 3411 Οἴνῳ
600 3328 703 3390 τὸν
744 3326 931 3405 οἶνον,
971 3331 1281 3413 κραιπάλῃ
1329 3329 1436 3412 τὴν
1475 3330 1838 3412 κραιπάλην.

401 3408 549 3479 Οἷος
593 3409 860 3474 δεδιέναι
901 3414 1120 3488 πάντα,
1160 3413 1268 3498 κᾷν
1310 3437 1365 3475 τι
1414 3418 1527 3496 μῦς
1570 3417 1769 3498 ψοφῇ.

403 3492 534 3581 Οἵῳ
581 3520 656 3579 με
699 3495 934 3578 δαίμων
978 3495 1182 3581 τέρατι
1229 3496 1715 3581 συγκατείρΕατο.
