<?xml version="1.0" encoding="UTF-8"?>
<!DOCTYPE html PUBLIC "-//W3C//DTD XHTML 1.0 Transitional//EN"
    "http://www.w3.org/TR/xhtml1/DTD/xhtml1-transitional.dtd">
<html xmlns="http://www.w3.org/1999/xhtml" xml:lang="en" lang="en">
 <head>
  <title>
</title>
<meta http-equiv="Content-Type" content="text/html;charset=utf-8" />
  <meta name='ocr-system' content='tesseract 3.04.00' />
  <meta name='ocr-capabilities' content='ocr_page ocr_carea ocr_par ocr_line ocrx_word'/>
</head>
<body>
  <div class='ocr_page' id='page_1' title='image "./iosephiscaliger02scalgoog/iosephiscaliger02scalgoog_0257.png"; bbox 0 0 2452 4186; ppageno 0'>
   <div class='ocr_carea' id='block_1_1' title="bbox 1084 319 1208 379">
    <p class='ocr_par' dir='ltr' id='par_1_1' title="bbox 1084 319 1208 379">
     <span class='ocr_line' id='line_1_1' title="bbox 1084 319 1208 379; baseline 0.016 -2"><span class='ocrx_word' id='word_1_1' title='bbox 1084 319 1208 379; x_wconf 79' lang='lat'>255</span> 
     </span>
    </p>
   </div>
   <div class='ocr_carea' id='block_1_2' title="bbox 998 406 1300 414">
    <p class='ocr_par' dir='ltr' id='par_1_2' title="bbox 998 406 1300 414">
     <span class='ocr_line' id='line_1_2' title="bbox 998 406 1300 414; baseline 0 0"><span class='ocrx_word' id='word_1_2' title='bbox 998 406 1300 414; x_wconf 95' lang='lat' dir='ltr'> </span> 
     </span>
    </p>
   </div>
   <div class='ocr_carea' id='block_1_3' title="bbox 230 480 2059 571">
    <p class='ocr_par' dir='ltr' id='par_1_3' title="bbox 230 480 2059 571">
     <span class='ocr_line' id='line_1_3' title="bbox 230 480 2059 571; baseline 0 -22"><span class='ocrx_word' id='word_1_3' title='bbox 230 482 364 549; x_wconf 83' lang='grc' dir='ltr'>ΚΕ.</span> <span class='ocrx_word' id='word_1_4' title='bbox 407 480 533 568; x_wconf 83' lang='grc' dir='ltr'>Τὴν</span> <span class='ocrx_word' id='word_1_5' title='bbox 571 483 689 546; x_wconf 86' lang='grc' dir='ltr'>ἀλό</span> <span class='ocrx_word' id='word_1_6' title='bbox 738 506 814 546; x_wconf 93' lang='grc' dir='ltr'>ου</span> <span class='ocrx_word' id='word_1_7' title='bbox 838 486 1122 566; x_wconf 83' lang='grc' dir='ltr'>γλῶσσαν</span> <span class='ocrx_word' id='word_1_8' title='bbox 1158 489 1432 571; x_wconf 81' lang='grc' dir='ltr'>χρηστῆς</span> <span class='ocrx_word' id='word_1_9' title='bbox 1470 484 1659 568; x_wconf 79' lang='grc' dir='ltr'>οὔσης</span> <span class='ocrx_word' id='word_1_10' title='bbox 1700 485 2059 571; x_wconf 89' lang='grc' dir='ltr'>ἀνέχεσθαι.</span> 
     </span>
    </p>
   </div>
   <div class='ocr_carea' id='block_1_4' title="bbox 406 506 2056 740">
    <p class='ocr_par' dir='ltr' id='par_1_4' title="bbox 406 506 2056 740">
     <span class='ocr_line' id='line_1_4' title="bbox 406 506 2056 654; baseline 0.001 -22"><span class='ocrx_word' id='word_1_11' title='bbox 406 506 787 653; x_wconf 53' lang='grc' dir='ltr'>Δυσφορὲιν</span> <span class='ocrx_word' id='word_1_12' title='bbox 850 568 919 632; x_wconf 83' lang='grc' dir='ltr'>σὲ</span> <span class='ocrx_word' id='word_1_13' title='bbox 975 570 1196 644; x_wconf 84' lang='grc' dir='ltr'>κακὸν,</span> <span class='ocrx_word' id='word_1_14' title='bbox 1247 572 1667 652; x_wconf 87' lang='grc' dir='ltr'>γλωσσαλγεῖν</span> <span class='ocrx_word' id='word_1_15' title='bbox 1725 571 1779 632; x_wconf 78' lang='grc' dir='ltr'>δ’</span> <span class='ocrx_word' id='word_1_16' title='bbox 1829 568 1908 633; x_wconf 77' lang='grc' dir='ltr'>αὖ</span> <span class='ocrx_word' id='word_1_17' title='bbox 1959 572 2056 654; x_wconf 86' lang='grc' dir='ltr'>μὶν</span> 
     </span>
     <span class='ocr_line' id='line_1_5' title="bbox 1450 653 1743 740; baseline 0.003 -24"><span class='ocrx_word' id='word_1_18' title='bbox 1450 653 1743 740; x_wconf 81' lang='grc' dir='ltr'>ἐπαχθές.</span> 
     </span>
    </p>
   </div>
   <div class='ocr_carea' id='block_1_5' title="bbox 227 736 1945 823">
    <p class='ocr_par' dir='ltr' id='par_1_5' title="bbox 227 736 1945 823">
     <span class='ocr_line' id='line_1_6' title="bbox 227 736 1945 823; baseline 0 -22"><span class='ocrx_word' id='word_1_19' title='bbox 227 736 348 809; x_wconf 66' lang='lat' dir='ltr'>Kc.</span> <span class='ocrx_word' id='word_1_20' title='bbox 401 737 832 823; x_wconf 79' lang='grc' dir='ltr'>Ἀμφοτέρους</span> <span class='ocrx_word' id='word_1_21' title='bbox 877 738 1192 821; x_wconf 87' lang='grc' dir='ltr'>ἀγάπησον</span> <span class='ocrx_word' id='word_1_22' title='bbox 1238 736 1339 821; x_wconf 77' lang='grc' dir='ltr'>ἴση</span> <span class='ocrx_word' id='word_1_23' title='bbox 1379 739 1658 822; x_wconf 79' lang='grc' dir='ltr'>φιλότητι</span> <span class='ocrx_word' id='word_1_24' title='bbox 1700 743 1945 822; x_wconf 79' lang='grc' dir='ltr'><strong>τοκῆας.</strong></span> 
     </span>
    </p>
   </div>
   <div class='ocr_carea' id='block_1_6' title="bbox 230 1077 310 1140">
    <p class='ocr_par' dir='ltr' id='par_1_6' title="bbox 230 1077 310 1140">
     <span class='ocr_line' id='line_1_7' title="bbox 230 1077 310 1140; baseline 0 0"><span class='ocrx_word' id='word_1_25' title='bbox 230 1077 310 1140; x_wconf 93' lang='grc' dir='ltr'>Α.</span> 
     </span>
    </p>
   </div>
   <div class='ocr_carea' id='block_1_7' title="bbox 229 1411 316 2835">
    <p class='ocr_par' dir='ltr' id='par_1_7' title="bbox 229 1411 316 2835">
     <span class='ocr_line' id='line_1_8' title="bbox 229 1411 316 2835; textangle 90"><span class='ocrx_word' id='word_1_26' title='bbox 229 1411 316 2835; x_wconf 43' lang='grc' dir='ltr'>πφβιεοςῦΡι-πεπ</span> 
     </span>
    </p>
   </div>
   <div class='ocr_carea' id='block_1_8' title="bbox 240 2939 323 3006">
    <p class='ocr_par' dir='ltr' id='par_1_8' title="bbox 240 2939 323 3006">
     <span class='ocr_line' id='line_1_9' title="bbox 240 2939 323 3006; textangle 90"><span class='ocrx_word' id='word_1_27' title='bbox 240 2939 323 3006; x_wconf 73' lang='lat'>’53</span> 
     </span>
    </p>
   </div>
   <div class='ocr_carea' id='block_1_9' title="bbox 239 3106 484 3512">
    <p class='ocr_par' dir='ltr' id='par_1_9' title="bbox 239 3106 484 3512">
     <span class='ocr_line' id='line_1_10' title="bbox 239 3106 484 3174; baseline -0.016 0"><span class='ocrx_word' id='word_1_28' title='bbox 239 3107 345 3174; x_wconf 84' lang='lat' dir='ltr'>lss.</span> <span class='ocrx_word' id='word_1_29' title='bbox 408 3106 484 3171; x_wconf 87' lang='grc' dir='ltr'>Εἰ</span> 
     </span>
     <span class='ocr_line' id='line_1_11' title="bbox 241 3277 341 3342; baseline 0 0"><span class='ocrx_word' id='word_1_30' title='bbox 241 3277 341 3342; x_wconf 86' lang='grc' dir='ltr'>ΙΓ.</span> 
     </span>
     <span class='ocr_line' id='line_1_12' title="bbox 241 3446 343 3512; baseline -0.01 0"><span class='ocrx_word' id='word_1_31' title='bbox 241 3446 343 3512; x_wconf 91' lang='grc' dir='ltr'>ΙΔ.</span> 
     </span>
    </p>
   </div>
   <div class='ocr_carea' id='block_1_10' title="bbox 401 821 2059 1055">
    <p class='ocr_par' dir='ltr' id='par_1_10' title="bbox 401 821 2059 1055">
     <span class='ocr_line' id='line_1_13' title="bbox 401 821 2059 916; baseline -0.001 -29"><span class='ocrx_word' id='word_1_32' title='bbox 401 821 508 906; x_wconf 83' lang='grc' dir='ltr'>Μὴ</span> <span class='ocrx_word' id='word_1_33' title='bbox 553 822 915 907; x_wconf 79' lang='grc' dir='ltr'>προσκόψῃς</span> <span class='ocrx_word' id='word_1_34' title='bbox 956 822 1154 906; x_wconf 90' lang='grc' dir='ltr'>μητρὶ,</span> <span class='ocrx_word' id='word_1_35' title='bbox 1200 822 1612 916; x_wconf 76' lang='grc' dir='ltr'>χαριζόμενος</span> <span class='ocrx_word' id='word_1_36' title='bbox 1651 823 1813 886; x_wconf 85' lang='grc' dir='ltr'>πλέα</span> <span class='ocrx_word' id='word_1_37' title='bbox 1858 823 2059 908; x_wconf 85' lang='grc' dir='ltr'>πατρί.</span> 
     </span>
     <span class='ocr_line' id='line_1_14' title="bbox 725 986 1567 1055; baseline 0.002 -2"><span class='ocrx_word' id='word_1_38' title='bbox 725 986 1064 1054; x_wconf 91' lang='grc' dir='ltr'><strong>ΒΙΒΛΙΟΝ</strong></span> <span class='ocrx_word' id='word_1_39' title='bbox 1109 986 1567 1055; x_wconf 89' lang='grc' dir='ltr'>ΤΕΤΑΡΤΟΝ.</span> 
     </span>
    </p>
   </div>
   <div class='ocr_carea' id='block_1_11' title="bbox 386 1069 1952 1161">
    <p class='ocr_par' dir='ltr' id='par_1_11' title="bbox 386 1069 1952 1161">
     <span class='ocr_line' id='line_1_15' title="bbox 386 1069 1952 1161; baseline -0.001 -23"><span class='ocrx_word' id='word_1_40' title='bbox 386 1069 598 1144; x_wconf 61' lang='lat' dir='ltr'>‘&#39;O-:mc</span> <span class='ocrx_word' id='word_1_41' title='bbox 642 1075 717 1157; x_wconf 88' lang='grc' dir='ltr'>δὴ</span> <span class='ocrx_word' id='word_1_42' title='bbox 761 1074 1011 1142; x_wconf 75' lang='grc' dir='ltr'>ποθέεις</span> <span class='ocrx_word' id='word_1_43' title='bbox 1054 1076 1252 1161; x_wconf 81' lang='grc' dir='ltr'>βίοτον</span> <span class='ocrx_word' id='word_1_44' title='bbox 1315 1077 1542 1158; x_wconf 78' lang='grc' dir='ltr'>διάγειν</span> <span class='ocrx_word' id='word_1_45' title='bbox 1590 1077 1952 1159; x_wconf 87' lang='grc' dir='ltr'>ἀτάρακτον,</span> 
     </span>
    </p>
   </div>
   <div class='ocr_carea' id='block_1_12' title="bbox 403 1158 2060 1667">
    <p class='ocr_par' dir='ltr' id='par_1_12' title="bbox 403 1158 2060 1667">
     <span class='ocr_line' id='line_1_16' title="bbox 408 1158 2058 1244; baseline -0.001 -22"><span class='ocrx_word' id='word_1_46' title='bbox 408 1158 534 1222; x_wconf 80' lang='grc' dir='ltr'>Νῦν</span> <span class='ocrx_word' id='word_1_47' title='bbox 588 1161 620 1222; x_wconf 91' lang='grc' dir='ltr'>δ</span> <span class='ocrx_word' id='word_1_48' title='bbox 641 1158 653 1177; x_wconf 92' lang='lat'><em>&#39;</em></span> <span class='ocrx_word' id='word_1_49' title='bbox 680 1159 837 1221; x_wconf 80' lang='grc' dir='ltr'>εἶναι</span> <span class='ocrx_word' id='word_1_50' title='bbox 878 1159 1133 1223; x_wconf 79' lang='grc' dir='ltr'>παθέων</span> <span class='ocrx_word' id='word_1_51' title='bbox 1182 1161 1405 1243; x_wconf 80' lang='grc' dir='ltr'>ἀμιγὴς</span> <span class='ocrx_word' id='word_1_52' title='bbox 1431 1164 1550 1222; x_wconf 85' lang='grc' dir='ltr'>τῶν</span> <span class='ocrx_word' id='word_1_53' title='bbox 1577 1160 1790 1244; x_wconf 86' lang='grc' dir='ltr'>ἤθεσιν</span> <span class='ocrx_word' id='word_1_54' title='bbox 1815 1159 2058 1244; x_wconf 84' lang='grc' dir='ltr'>ἐχθρῶν</span> 
     </span>
     <span class='ocr_line' id='line_1_17' title="bbox 407 1242 2060 1329; baseline 0 -23"><span class='ocrx_word' id='word_1_55' title='bbox 407 1242 531 1313; x_wconf 83' lang='grc' dir='ltr'>Τὰς</span> <span class='ocrx_word' id='word_1_56' title='bbox 574 1243 638 1307; x_wconf 78' lang='grc' dir='ltr'>δ’</span> <span class='ocrx_word' id='word_1_57' title='bbox 671 1242 1148 1326; x_wconf 80' lang='grc' dir='ltr'>ὑποθημοσύνας</span> <span class='ocrx_word' id='word_1_58' title='bbox 1190 1250 1431 1329; x_wconf 82' lang='grc' dir='ltr'>συχνῶς</span> <span class='ocrx_word' id='word_1_59' title='bbox 1467 1244 1742 1328; x_wconf 86' lang='grc' dir='ltr'>μέμνησο</span> <span class='ocrx_word' id='word_1_60' title='bbox 1766 1247 2060 1326; x_wconf 82' lang='grc' dir='ltr'>πολῆσαι,</span> 
     </span>
     <span class='ocr_line' id='line_1_18' title="bbox 410 1325 2059 1413; baseline -0.002 -20"><span class='ocrx_word' id='word_1_61' title='bbox 410 1325 518 1397; x_wconf 82' lang='grc' dir='ltr'>Οἷς</span> <span class='ocrx_word' id='word_1_62' title='bbox 564 1327 653 1392; x_wconf 85' lang='grc' dir='ltr'>ἔνι</span> <span class='ocrx_word' id='word_1_63' title='bbox 698 1330 885 1412; x_wconf 81' lang='grc' dir='ltr'>δήεις,</span> <span class='ocrx_word' id='word_1_64' title='bbox 934 1335 1053 1391; x_wconf 85' lang='grc' dir='ltr'>τῶν</span> <span class='ocrx_word' id='word_1_65' title='bbox 1102 1328 1174 1390; x_wconf 78' lang='grc' dir='ltr'>σὺ</span> <span class='ocrx_word' id='word_1_66' title='bbox 1226 1330 1595 1397; x_wconf 83' lang='grc' dir='ltr'>διδάσκαλος</span> <span class='ocrx_word' id='word_1_67' title='bbox 1636 1329 1787 1413; x_wconf 78' lang='grc' dir='ltr'>ἔσσῃ</span> <span class='ocrx_word' id='word_1_68' title='bbox 1835 1329 2059 1413; x_wconf 77' lang='grc' dir='ltr'>ἑαυτῷ.</span> 
     </span>
     <span class='ocr_line' id='line_1_19' title="bbox 403 1411 2060 1499; baseline -0.001 -23"><span class='ocrx_word' id='word_1_69' title='bbox 403 1412 686 1476; x_wconf 77' lang='grc' dir='ltr'>Πλούτου</span> <span class='ocrx_word' id='word_1_70' title='bbox 731 1411 1192 1496; x_wconf 78' lang='grc' dir='ltr'>ὑπερφρονέειν,</span> <span class='ocrx_word' id='word_1_71' title='bbox 1241 1414 1295 1475; x_wconf 84' lang='grc' dir='ltr'>εἰ</span> <span class='ocrx_word' id='word_1_72' title='bbox 1337 1415 1453 1496; x_wconf 79' lang='grc' dir='ltr'>λῇς</span> <span class='ocrx_word' id='word_1_73' title='bbox 1474 1414 1614 1475; x_wconf 85' lang='grc' dir='ltr'>νόον</span> <span class='ocrx_word' id='word_1_74' title='bbox 1650 1413 1858 1499; x_wconf 83' lang='grc' dir='ltr'>ὄλβιος</span> <span class='ocrx_word' id='word_1_75' title='bbox 1885 1412 2060 1490; x_wconf 82' lang='grc' dir='ltr'>εἶναι,</span> 
     </span>
     <span class='ocr_line' id='line_1_20' title="bbox 405 1495 2003 1583; baseline -0.001 -23"><span class='ocrx_word' id='word_1_76' title='bbox 405 1495 697 1582; x_wconf 87' lang='grc' dir='ltr'>Κίμβικες</span> <span class='ocrx_word' id='word_1_77' title='bbox 742 1497 810 1560; x_wconf 87' lang='grc' dir='ltr'>ὃν</span> <span class='ocrx_word' id='word_1_78' title='bbox 853 1496 1186 1565; x_wconf 76' lang='grc' dir='ltr'>ποθέοντες</span> <span class='ocrx_word' id='word_1_79' title='bbox 1236 1498 1332 1560; x_wconf 88' lang='grc' dir='ltr'>ἀεὶ</span> <span class='ocrx_word' id='word_1_80' title='bbox 1377 1500 1616 1583; x_wconf 85' lang='grc' dir='ltr'>πτωχοὶ</span> <span class='ocrx_word' id='word_1_81' title='bbox 1660 1497 2003 1561; x_wconf 85' lang='grc' dir='ltr'>τελέθουσι.</span> 
     </span>
     <span class='ocr_line' id='line_1_21' title="bbox 405 1579 2018 1667; baseline 0 -23"><span class='ocrx_word' id='word_1_82' title='bbox 405 1580 693 1667; x_wconf 79' lang='grc' dir='ltr'>&gt;Ωφελίαι</span> <span class='ocrx_word' id='word_1_83' title='bbox 736 1579 988 1649; x_wconf 69' lang='grc' dir='ltr'>φύσεως</span> <span class='ocrx_word' id='word_1_84' title='bbox 1033 1582 1181 1665; x_wconf 72' lang='grc' dir='ltr'>μάλ’</span> <span class='ocrx_word' id='word_1_85' title='bbox 1208 1581 1567 1650; x_wconf 87' lang='grc' dir='ltr'>ἀνελλιπέες</span> <span class='ocrx_word' id='word_1_86' title='bbox 1613 1585 1708 1646; x_wconf 91' lang='grc' dir='ltr'>σοὶ</span> <span class='ocrx_word' id='word_1_87' title='bbox 1754 1580 2018 1659; x_wconf 86' lang='grc' dir='ltr'>ἔσονται,</span> 
     </span>
    </p>
   </div>
   <div class='ocr_carea' id='block_1_13' title="bbox 393 1647 2061 1752">
    <p class='ocr_par' dir='ltr' id='par_1_13' title="bbox 393 1647 2061 1752">
     <span class='ocr_line' id='line_1_22' title="bbox 393 1647 2061 1752; baseline 0.001 -24"><span class='ocrx_word' id='word_1_88' title='bbox 393 1664 512 1729; x_wconf 90' lang='grc' dir='ltr'>Ἢν</span> <span class='ocrx_word' id='word_1_89' title='bbox 556 1647 809 1751; x_wconf 72' lang='grc' dir='ltr'>στέρξῄς</span> <span class='ocrx_word' id='word_1_90' title='bbox 852 1666 1095 1742; x_wconf 83' lang='grc' dir='ltr'>κείνοις,</span> <span class='ocrx_word' id='word_1_91' title='bbox 1120 1671 1240 1730; x_wconf 88' lang='grc' dir='ltr'>τῶν</span> <span class='ocrx_word' id='word_1_92' title='bbox 1271 1689 1386 1749; x_wconf 88' lang='grc' dir='ltr'>περ</span> <span class='ocrx_word' id='word_1_93' title='bbox 1413 1669 1585 1751; x_wconf 81' lang='grc' dir='ltr'>χρεώ</span> <span class='ocrx_word' id='word_1_94' title='bbox 1617 1668 1745 1730; x_wconf 86' lang='grc' dir='ltr'>ἐστι</span> <span class='ocrx_word' id='word_1_95' title='bbox 1772 1669 2061 1752; x_wconf 83' lang='grc' dir='ltr'>βροτοῖσι.</span> 
     </span>
    </p>
   </div>
   <div class='ocr_carea' id='block_1_14' title="bbox 401 1747 2066 2938">
    <p class='ocr_par' dir='ltr' id='par_1_14' title="bbox 401 1747 2066 2938">
     <span class='ocr_line' id='line_1_23' title="bbox 405 1747 2062 1835; baseline 0.001 -22"><span class='ocrx_word' id='word_1_96' title='bbox 405 1747 482 1813; x_wconf 84' lang='grc' dir='ltr'>Εἰ</span> <span class='ocrx_word' id='word_1_97' title='bbox 509 1751 584 1814; x_wconf 83' lang='grc' dir='ltr'>τὰ</span> <span class='ocrx_word' id='word_1_98' title='bbox 621 1752 700 1814; x_wconf 84' lang='grc' dir='ltr'>σὰ</span> <span class='ocrx_word' id='word_1_99' title='bbox 726 1752 806 1833; x_wconf 82' lang='grc' dir='ltr'>μὴ</span> <span class='ocrx_word' id='word_1_100' title='bbox 840 1749 1138 1835; x_wconf 79' lang='grc' dir='ltr'>φρόνιμος</span> <span class='ocrx_word' id='word_1_101' title='bbox 1166 1755 1253 1820; x_wconf 87' lang='grc' dir='ltr'>τὶς</span> <span class='ocrx_word' id='word_1_102' title='bbox 1293 1752 1412 1813; x_wconf 85' lang='grc' dir='ltr'>ἐὼν</span> <span class='ocrx_word' id='word_1_103' title='bbox 1446 1751 1675 1821; x_wconf 85' lang='grc' dir='ltr'>διέπεις</span> <span class='ocrx_word' id='word_1_104' title='bbox 1703 1752 2062 1834; x_wconf 74' lang='grc' dir='ltr'>ἀλογίστως,</span> 
     </span>
     <span class='ocr_line' id='line_1_24' title="bbox 405 1833 2061 1942; baseline 0.001 -45"><span class='ocrx_word' id='word_1_105' title='bbox 405 1833 511 1918; x_wconf 88' lang='grc' dir='ltr'>Μὴ</span> <span class='ocrx_word' id='word_1_106' title='bbox 560 1836 846 1919; x_wconf 88' lang='grc' dir='ltr'>κίκλησκε</span> <span class='ocrx_word' id='word_1_107' title='bbox 888 1833 1079 1942; x_wconf 79' lang='grc' dir='ltr'>τύχην</span> <span class='ocrx_word' id='word_1_108' title='bbox 1125 1837 1362 1921; x_wconf 83' lang='grc' dir='ltr'>τυφλὴν</span> <span class='ocrx_word' id='word_1_109' title='bbox 1417 1837 1525 1919; x_wconf 86' lang='grc' dir='ltr'>τὴν</span> <span class='ocrx_word' id='word_1_110' title='bbox 1575 1837 1764 1921; x_wconf 86' lang='grc' dir='ltr'>μηδὲν</span> <span class='ocrx_word' id='word_1_111' title='bbox 1815 1836 2061 1899; x_wconf 79' lang='grc' dir='ltr'>ἐοῦσαν.</span> 
     </span>
     <span class='ocr_line' id='line_1_25' title="bbox 405 1920 2059 2006; baseline -0.001 -23"><span class='ocrx_word' id='word_1_112' title='bbox 405 1920 586 1983; x_wconf 90' lang='grc' dir='ltr'>Φίλει</span> <span class='ocrx_word' id='word_1_113' title='bbox 626 1921 757 2003; x_wconf 84' lang='grc' dir='ltr'>μὲν,</span> <span class='ocrx_word' id='word_1_114' title='bbox 799 1942 1059 2004; x_wconf 89' lang='grc' dir='ltr'>μετριως</span> <span class='ocrx_word' id='word_1_115' title='bbox 1088 1921 1158 1983; x_wconf 86' lang='grc' dir='ltr'>δὲ</span> <span class='ocrx_word' id='word_1_116' title='bbox 1189 1922 1355 2006; x_wconf 75' lang='grc' dir='ltr'>φίλει</span> <span class='ocrx_word' id='word_1_117' title='bbox 1377 1922 1444 1984; x_wconf 88' lang='grc' dir='ltr'>τὸ</span> <span class='ocrx_word' id='word_1_118' title='bbox 1473 1922 1847 2005; x_wconf 88' lang='grc' dir='ltr'>νομίσματος</span> <span class='ocrx_word' id='word_1_119' title='bbox 1875 1921 2059 1998; x_wconf 78' lang='grc' dir='ltr'>εἶδος,</span> 
     </span>
     <span class='ocr_line' id='line_1_26' title="bbox 409 2001 2020 2092; baseline -0.001 -23"><span class='ocrx_word' id='word_1_120' title='bbox 409 2001 662 2073; x_wconf 79' lang='grc' dir='ltr'>Οὔτινος</span> <span class='ocrx_word' id='word_1_121' title='bbox 706 2004 778 2066; x_wconf 84' lang='grc' dir='ltr'>οὐ</span> <span class='ocrx_word' id='word_1_122' title='bbox 830 2006 1168 2075; x_wconf 85' lang='grc' dir='ltr'>σπουδαῖος</span> <span class='ocrx_word' id='word_1_123' title='bbox 1207 2006 1360 2090; x_wconf 89' lang='grc' dir='ltr'>ἀνὴρ</span> <span class='ocrx_word' id='word_1_124' title='bbox 1394 2004 1495 2068; x_wconf 85' lang='grc' dir='ltr'>διὰ</span> <span class='ocrx_word' id='word_1_125' title='bbox 1523 2008 1755 2092; x_wconf 88' lang='grc' dir='ltr'>χαλκὸν</span> <span class='ocrx_word' id='word_1_126' title='bbox 1791 2006 1822 2067; x_wconf 85' lang='grc' dir='ltr'>ἐ</span> <span class='ocrx_word' id='word_1_127' title='bbox 1862 2009 2020 2068; x_wconf 84' lang='grc' dir='ltr'>ἆται.</span> 
     </span>
     <span class='ocr_line' id='line_1_27' title="bbox 402 2028 1963 2197; baseline 0 -44"><span class='ocrx_word' id='word_1_128' title='bbox 402 2090 690 2175; x_wconf 79' lang='grc' dir='ltr'>Ἀφνειὸς</span> <span class='ocrx_word' id='word_1_129' title='bbox 729 2092 998 2173; x_wconf 86' lang='grc' dir='ltr'>γεγονὼς</span> <span class='ocrx_word' id='word_1_130' title='bbox 1042 2091 1281 2175; x_wconf 81' lang='grc' dir='ltr'>ἀμελὴς</span> <span class='ocrx_word' id='word_1_131' title='bbox 1327 2092 1408 2197; x_wconf 63' lang='grc' dir='ltr'>μη</span> <span class='ocrx_word' id='word_1_132' title='bbox 1458 2095 1744 2177; x_wconf 86' lang='grc' dir='ltr'>σώματος</span> <span class='ocrx_word' id='word_1_133' title='bbox 1789 2028 1963 2154; x_wconf 45' lang='grc' dir='ltr'>εἷναι.</span> 
     </span>
     <span class='ocr_line' id='line_1_28' title="bbox 406 2172 2063 2261; baseline 0 -23"><span class='ocrx_word' id='word_1_134' title='bbox 406 2173 626 2260; x_wconf 85' lang='grc' dir='ltr'>Κέρμα</span> <span class='ocrx_word' id='word_1_135' title='bbox 654 2172 1033 2259; x_wconf 87' lang='grc' dir='ltr'>ἔχεινοσέων</span> <span class='ocrx_word' id='word_1_136' title='bbox 1058 2177 1172 2260; x_wconf 88' lang='grc' dir='ltr'>γὰρ</span> <span class='ocrx_word' id='word_1_137' title='bbox 1194 2179 1225 2240; x_wconf 88' lang='grc' dir='ltr'>ὁ</span> <span class='ocrx_word' id='word_1_138' title='bbox 1242 2178 1685 2253; x_wconf 80' lang='grc' dir='ltr'>πλουσιος,οὐκ</span> <span class='ocrx_word' id='word_1_139' title='bbox 1707 2175 1840 2261; x_wconf 83' lang='grc' dir='ltr'>ἔχει</span> <span class='ocrx_word' id='word_1_140' title='bbox 1859 2175 2063 2239; x_wconf 78' lang='grc' dir='ltr'>αὐτόν.</span> 
     </span>
     <span class='ocr_line' id='line_1_29' title="bbox 406 2259 2064 2345; baseline 0 -22"><span class='ocrx_word' id='word_1_141' title='bbox 406 2259 816 2345; x_wconf 85' lang='grc' dir='ltr'>Παιδοτρίβου</span> <span class='ocrx_word' id='word_1_142' title='bbox 865 2261 1124 2343; x_wconf 80' lang='grc' dir='ltr'>μάστιγα</span> <span class='ocrx_word' id='word_1_143' title='bbox 1181 2259 1554 2344; x_wconf 86' lang='grc' dir='ltr'>μαθητεύων</span> <span class='ocrx_word' id='word_1_144' title='bbox 1596 2260 1733 2324; x_wconf 85' lang='grc' dir='ltr'>πότ’</span> <span class='ocrx_word' id='word_1_145' title='bbox 1780 2259 2064 2336; x_wconf 83' lang='grc' dir='ltr'>ἀνατλὰς,</span> 
     </span>
     <span class='ocr_line' id='line_1_30' title="bbox 407 2338 2020 2430; baseline 0.001 -24"><span class='ocrx_word' id='word_1_146' title='bbox 407 2342 676 2408; x_wconf 84' lang='grc' dir='ltr'>Τέτλαθι</span> <span class='ocrx_word' id='word_1_147' title='bbox 716 2338 1066 2429; x_wconf 80' lang='grc' dir='ltr'>χωομένοιο</span> <span class='ocrx_word' id='word_1_148' title='bbox 1114 2344 1476 2430; x_wconf 84' lang='grc' dir='ltr'>βαρύφρονα</span> <span class='ocrx_word' id='word_1_149' title='bbox 1515 2346 1745 2429; x_wconf 87' lang='grc' dir='ltr'>πατρὸς</span> <span class='ocrx_word' id='word_1_150' title='bbox 1791 2345 2020 2429; x_wconf 86' lang='grc' dir='ltr'>ἐνιπήν.</span> 
     </span>
     <span class='ocr_line' id='line_1_31' title="bbox 407 2427 2065 2514; baseline -0.001 -21"><span class='ocrx_word' id='word_1_151' title='bbox 407 2429 642 2513; x_wconf 84' lang='grc' dir='ltr'>Πρᾶττε</span> <span class='ocrx_word' id='word_1_152' title='bbox 658 2427 733 2490; x_wconf 84' lang='grc' dir='ltr'>τὰ</span> <span class='ocrx_word' id='word_1_153' title='bbox 754 2428 1134 2514; x_wconf 83' lang='grc' dir='ltr'>ὠφελέοντα.</span> <span class='ocrx_word' id='word_1_154' title='bbox 1149 2431 1329 2492; x_wconf 89' lang='grc' dir='ltr'>πάλιν</span> <span class='ocrx_word' id='word_1_155' title='bbox 1347 2428 1416 2491; x_wconf 81' lang='grc' dir='ltr'>δέ</span> <span class='ocrx_word' id='word_1_156' title='bbox 1426 2452 1496 2511; x_wconf 89' lang='grc' dir='ltr'>γε</span> <span class='ocrx_word' id='word_1_157' title='bbox 1507 2434 1700 2492; x_wconf 78' lang='grc' dir='ltr'>ταῦτα</span> <span class='ocrx_word' id='word_1_158' title='bbox 1719 2431 2065 2513; x_wconf 84' lang='grc' dir='ltr'>φυλάσσου,</span> 
     </span>
     <span class='ocr_line' id='line_1_32' title="bbox 413 2511 2064 2599; baseline -0.001 -21"><span class='ocrx_word' id='word_1_159' title='bbox 413 2511 582 2579; x_wconf 85' lang='grc' dir='ltr'>Οἷσιν</span> <span class='ocrx_word' id='word_1_160' title='bbox 628 2515 840 2576; x_wconf 76' lang='grc' dir='ltr'>ὕπεστι</span> <span class='ocrx_word' id='word_1_161' title='bbox 877 2514 1101 2596; x_wconf 83' lang='grc' dir='ltr'>πλάνη,</span> <span class='ocrx_word' id='word_1_162' title='bbox 1164 2514 1429 2597; x_wconf 81' lang='grc' dir='ltr'>μόγθοιο</span> <span class='ocrx_word' id='word_1_163' title='bbox 1479 2514 1548 2576; x_wconf 83' lang='grc' dir='ltr'>δὲ</span> <span class='ocrx_word' id='word_1_164' title='bbox 1592 2516 1780 2599; x_wconf 81' lang='grc' dir='ltr'>κῦβος</span> <span class='ocrx_word' id='word_1_165' title='bbox 1816 2512 2064 2596; x_wconf 82' lang='grc' dir='ltr'>ἄδηλος.</span> 
     </span>
     <span class='ocr_line' id='line_1_33' title="bbox 405 2584 2000 2682; baseline -0.001 -21"><span class='ocrx_word' id='word_1_166' title='bbox 405 2598 509 2682; x_wconf 87' lang='grc' dir='ltr'>Μὴ</span> <span class='ocrx_word' id='word_1_167' title='bbox 555 2601 753 2661; x_wconf 86' lang='grc' dir='ltr'>πώλει</span> <span class='ocrx_word' id='word_1_168' title='bbox 798 2599 1079 2673; x_wconf 78' lang='grc' dir='ltr'>αἰτοῦντι,</span> <span class='ocrx_word' id='word_1_169' title='bbox 1123 2601 1192 2661; x_wconf 87' lang='grc' dir='ltr'>τὸ</span> <span class='ocrx_word' id='word_1_170' title='bbox 1243 2584 1458 2662; x_wconf 71' lang='grc' dir='ltr'>δοῦναι</span> <span class='ocrx_word' id='word_1_171' title='bbox 1493 2603 1719 2682; x_wconf 84' lang='grc' dir='ltr'>προῖκα</span> <span class='ocrx_word' id='word_1_172' title='bbox 1766 2596 2000 2661; x_wconf 90' lang='grc' dir='ltr'>δύναιο.</span> 
     </span>
     <span class='ocr_line' id='line_1_34' title="bbox 412 2681 2066 2769; baseline 0.001 -24"><span class='ocrx_word' id='word_1_173' title='bbox 412 2681 573 2751; x_wconf 78' lang='grc' dir='ltr'>Τοὺς</span> <span class='ocrx_word' id='word_1_174' title='bbox 590 2683 863 2764; x_wconf 80' lang='grc' dir='ltr'>ἀγαθοὺς</span> <span class='ocrx_word' id='word_1_175' title='bbox 876 2681 944 2744; x_wconf 79' lang='grc' dir='ltr'>εὖ</span> <span class='ocrx_word' id='word_1_176' title='bbox 961 2683 1131 2767; x_wconf 81' lang='grc' dir='ltr'>δρᾷν,</span> <span class='ocrx_word' id='word_1_177' title='bbox 1149 2683 1337 2768; x_wconf 84' lang='grc' dir='ltr'>μέρος</span> <span class='ocrx_word' id='word_1_178' title='bbox 1350 2682 1422 2745; x_wconf 79' lang='grc' dir='ltr'>οὐ</span> <span class='ocrx_word' id='word_1_179' title='bbox 1441 2682 1638 2769; x_wconf 77' lang='grc' dir='ltr'>βραχὺ</span> <span class='ocrx_word' id='word_1_180' title='bbox 1656 2681 1910 2767; x_wconf 84' lang='grc' dir='ltr'>κέρδεος</span> <span class='ocrx_word' id='word_1_181' title='bbox 1924 2683 2066 2748; x_wconf 82' lang='grc' dir='ltr'>ἐστί.</span> 
     </span>
     <span class='ocr_line' id='line_1_35' title="bbox 401 2765 1979 2852; baseline 0 -22"><span class='ocrx_word' id='word_1_182' title='bbox 401 2766 513 2831; x_wconf 88' lang='grc' dir='ltr'>Ἤν</span> <span class='ocrx_word' id='word_1_183' title='bbox 555 2791 611 2829; x_wconf 89' lang='grc' dir='ltr'>τι</span> <span class='ocrx_word' id='word_1_184' title='bbox 658 2767 1118 2849; x_wconf 86' lang='grc' dir='ltr'>ὑποπτεύησθα,</span> <span class='ocrx_word' id='word_1_185' title='bbox 1161 2768 1510 2852; x_wconf 83' lang='grc' dir='ltr'>παραυτίκα</span> <span class='ocrx_word' id='word_1_186' title='bbox 1552 2772 1732 2829; x_wconf 81' lang='grc' dir='ltr'>τοῦτο</span> <span class='ocrx_word' id='word_1_187' title='bbox 1780 2765 1979 2840; x_wconf 71' lang='grc' dir='ltr'>ἔταξε.</span> 
     </span>
     <span class='ocr_line' id='line_1_36' title="bbox 407 2849 2064 2938; baseline 0.001 -24"><span class='ocrx_word' id='word_1_188' title='bbox 407 2849 536 2915; x_wconf 87' lang='grc' dir='ltr'>Καί</span> <span class='ocrx_word' id='word_1_189' title='bbox 571 2851 629 2933; x_wconf 80' lang='grc' dir='ltr'>γ’</span> <span class='ocrx_word' id='word_1_190' title='bbox 682 2850 871 2914; x_wconf 84' lang='grc' dir='ltr'>εἴωθε</span> <span class='ocrx_word' id='word_1_191' title='bbox 909 2853 976 2914; x_wconf 89' lang='grc' dir='ltr'>τὸ</span> <span class='ocrx_word' id='word_1_192' title='bbox 1015 2854 1096 2935; x_wconf 82' lang='grc' dir='ltr'>μὴ</span> <span class='ocrx_word' id='word_1_193' title='bbox 1137 2857 1400 2938; x_wconf 84' lang='grc' dir='ltr'>πρώτως</span> <span class='ocrx_word' id='word_1_194' title='bbox 1445 2851 1812 2937; x_wconf 85' lang='grc' dir='ltr'>βασανισθὲν</span> <span class='ocrx_word' id='word_1_195' title='bbox 1858 2854 2064 2916; x_wconf 83' lang='grc' dir='ltr'>ἀᾶσαι.</span> 
     </span>
    </p>
   </div>
   <div class='ocr_carea' id='block_1_15' title="bbox 331 2933 1999 3023">
    <p class='ocr_par' dir='ltr' id='par_1_15' title="bbox 331 2933 1999 3023">
     <span class='ocr_line' id='line_1_37' title="bbox 331 2933 1999 3023; baseline 0.005 -25"><span class='ocrx_word' id='word_1_196' title='bbox 331 2987 349 3004; x_wconf 90' lang='grc'><strong>.</strong></span> <span class='ocrx_word' id='word_1_197' title='bbox 412 2933 487 2999; x_wconf 87' lang='grc' dir='ltr'>Εἰ</span> <span class='ocrx_word' id='word_1_198' title='bbox 526 2938 792 3021; x_wconf 87' lang='grc' dir='ltr'>κάτοχος</span> <span class='ocrx_word' id='word_1_199' title='bbox 834 2935 1153 3000; x_wconf 86' lang='grc' dir='ltr'>δελέασσιν</span> <span class='ocrx_word' id='word_1_200' title='bbox 1203 2939 1417 3023; x_wconf 81' lang='grc' dir='ltr'>ἐνίσχῃ</span> <span class='ocrx_word' id='word_1_201' title='bbox 1464 2937 1999 3022; x_wconf 73' lang='grc' dir='ltr'>τῆςἈφροδίτης,</span> 
     </span>
    </p>
   </div>
   <div class='ocr_carea' id='block_1_16' title="bbox 410 3020 2122 3276">
    <p class='ocr_par' dir='ltr' id='par_1_16' title="bbox 410 3020 2122 3276">
     <span class='ocr_line' id='line_1_38' title="bbox 413 3020 1985 3107; baseline 0.001 -23"><span class='ocrx_word' id='word_1_202' title='bbox 413 3020 786 3106; x_wconf 73' lang='grc' dir='ltr'>Μαργοσύνη</span> <span class='ocrx_word' id='word_1_203' title='bbox 838 3021 918 3105; x_wconf 86' lang='grc' dir='ltr'>μὴ</span> <span class='ocrx_word' id='word_1_204' title='bbox 964 3026 1109 3084; x_wconf 85' lang='grc' dir='ltr'>νικῶ</span> <span class='ocrx_word' id='word_1_205' title='bbox 1164 3023 1375 3107; x_wconf 78' lang='grc' dir='ltr'>ἑταίρη</span> <span class='ocrx_word' id='word_1_206' title='bbox 1422 3027 1539 3085; x_wconf 87' lang='grc' dir='ltr'>τῶν</span> <span class='ocrx_word' id='word_1_207' title='bbox 1592 3024 1707 3086; x_wconf 82' lang='grc' dir='ltr'>ὑπὸ</span> <span class='ocrx_word' id='word_1_208' title='bbox 1755 3026 1985 3107; x_wconf 86' lang='grc' dir='ltr'>γαστρί.</span> 
     </span>
     <span class='ocr_line' id='line_1_39' title="bbox 528 3106 2122 3193; baseline 0.003 -26"><span class='ocrx_word' id='word_1_209' title='bbox 528 3106 707 3191; x_wconf 79' lang='grc' dir='ltr'>φρεσὶ</span> <span class='ocrx_word' id='word_1_210' title='bbox 735 3111 907 3188; x_wconf 77' lang='grc' dir='ltr'>σῇσιν</span> <span class='ocrx_word' id='word_1_211' title='bbox 947 3106 1139 3189; x_wconf 78' lang='grc' dir='ltr'>ἅρηρε</span> <span class='ocrx_word' id='word_1_212' title='bbox 1171 3107 1248 3171; x_wconf 82' lang='grc' dir='ltr'>τὰ</span> <span class='ocrx_word' id='word_1_213' title='bbox 1275 3107 1462 3190; x_wconf 89' lang='grc' dir='ltr'>θηρία</span> <span class='ocrx_word' id='word_1_214' title='bbox 1490 3110 1688 3170; x_wconf 87' lang='grc' dir='ltr'>πάντα</span> <span class='ocrx_word' id='word_1_215' title='bbox 1715 3108 2065 3193; x_wconf 82' lang='grc' dir='ltr'>φοβεῖσθαι,</span> <span class='ocrx_word' id='word_1_216' title='bbox 2117 3126 2122 3131; x_wconf 86' lang='grc'><em>·</em></span> 
     </span>
     <span class='ocr_line' id='line_1_40' title="bbox 410 3189 2065 3276; baseline -0.001 -20"><span class='ocrx_word' id='word_1_217' title='bbox 410 3191 458 3256; x_wconf 92' lang='grc' dir='ltr'>Τ</span> <span class='ocrx_word' id='word_1_218' title='bbox 503 3190 678 3253; x_wconf 84' lang='grc' dir='ltr'>έσσαι</span> <span class='ocrx_word' id='word_1_219' title='bbox 708 3190 801 3254; x_wconf 69' lang='grc' dir='ltr'>ἕν’</span> <span class='ocrx_word' id='word_1_220' title='bbox 830 3189 1155 3274; x_wconf 82' lang='grc' dir='ltr'>ἄνθρωπον</span> <span class='ocrx_word' id='word_1_221' title='bbox 1183 3192 1449 3275; x_wconf 85' lang='grc' dir='ltr'>κέλομαι</span> <span class='ocrx_word' id='word_1_222' title='bbox 1479 3194 1783 3276; x_wconf 84' lang='grc' dir='ltr'>περιώσια</span> <span class='ocrx_word' id='word_1_223' title='bbox 1802 3194 2065 3257; x_wconf 91' lang='grc' dir='ltr'>πάντων.</span> 
     </span>
    </p>
   </div>
   <div class='ocr_carea' id='block_1_17' title="bbox 399 3276 2067 3362">
    <p class='ocr_par' dir='ltr' id='par_1_17' title="bbox 399 3276 2067 3362">
     <span class='ocr_line' id='line_1_41' title="bbox 399 3276 2067 3362; baseline 0.002 -24"><span class='ocrx_word' id='word_1_224' title='bbox 399 3278 422 3303; x_wconf 84' lang='lat'>’&#39;</span> <span class='ocrx_word' id='word_1_225' title='bbox 483 3299 512 3338; x_wconf 93' lang='grc' dir='ltr'>ν</span> <span class='ocrx_word' id='word_1_226' title='bbox 559 3296 657 3337; x_wconf 94' lang='grc' dir='ltr'>σοι</span> <span class='ocrx_word' id='word_1_227' title='bbox 705 3276 1019 3358; x_wconf 76' lang='grc' dir='ltr'>ἐνακμάζῃ</span> <span class='ocrx_word' id='word_1_228' title='bbox 1071 3278 1352 3362; x_wconf 86' lang='grc' dir='ltr'>στιβαρὸν</span> <span class='ocrx_word' id='word_1_229' title='bbox 1401 3276 1621 3345; x_wconf 86' lang='grc' dir='ltr'>σθένος</span> <span class='ocrx_word' id='word_1_230' title='bbox 1666 3277 1727 3338; x_wconf 83' lang='grc' dir='ltr'>ἐν</span> <span class='ocrx_word' id='word_1_231' title='bbox 1760 3276 2067 3360; x_wconf 87' lang='grc' dir='ltr'>μελέεσσι,</span> 
     </span>
    </p>
   </div>
   <div class='ocr_carea' id='block_1_18' title="bbox 415 3359 2069 3444">
    <p class='ocr_par' dir='ltr' id='par_1_18' title="bbox 415 3359 2069 3444">
     <span class='ocr_line' id='line_1_42' title="bbox 415 3359 2069 3444; baseline -0.001 -19"><span class='ocrx_word' id='word_1_232' title='bbox 415 3359 542 3425; x_wconf 81' lang='grc' dir='ltr'>Τοῦ</span> <span class='ocrx_word' id='word_1_233' title='bbox 569 3359 850 3444; x_wconf 84' lang='grc' dir='ltr'>φρονέειν</span> <span class='ocrx_word' id='word_1_234' title='bbox 881 3360 1214 3444; x_wconf 76' lang='grc' dir='ltr'>μελέδαιν’.</span> <span class='ocrx_word' id='word_1_235' title='bbox 1241 3362 1440 3429; x_wconf 76' lang='grc' dir='ltr'>οὕτως</span> <span class='ocrx_word' id='word_1_236' title='bbox 1466 3361 1747 3444; x_wconf 73' lang='grc' dir='ltr'>ἀνδρεῖος</span> <span class='ocrx_word' id='word_1_237' title='bbox 1764 3361 2069 3432; x_wconf 83' lang='grc' dir='ltr'>ἀκούσεις.</span> 
     </span>
    </p>
   </div>
   <div class='ocr_carea' id='block_1_19' title="bbox 393 3444 2067 3530">
    <p class='ocr_par' dir='ltr' id='par_1_19' title="bbox 393 3444 2067 3530">
     <span class='ocr_line' id='line_1_43' title="bbox 393 3444 2067 3530; baseline -0.001 -21"><span class='ocrx_word' id='word_1_238' title='bbox 393 3444 510 3509; x_wconf 89' lang='grc' dir='ltr'>Ἢν</span> <span class='ocrx_word' id='word_1_239' title='bbox 540 3445 889 3527; x_wconf 87' lang='grc' dir='ltr'>κάμνησθα,</span> <span class='ocrx_word' id='word_1_240' title='bbox 909 3444 1171 3525; x_wconf 88' lang='grc' dir='ltr'>μέτελθε</span> <span class='ocrx_word' id='word_1_241' title='bbox 1199 3447 1458 3528; x_wconf 85' lang='grc' dir='ltr'>νοσήλια</span> <span class='ocrx_word' id='word_1_242' title='bbox 1478 3447 1574 3509; x_wconf 89' lang='grc' dir='ltr'>σοὶ</span> <span class='ocrx_word' id='word_1_243' title='bbox 1603 3445 1757 3528; x_wconf 84' lang='grc' dir='ltr'>παρ’</span> <span class='ocrx_word' id='word_1_244' title='bbox 1786 3448 2067 3530; x_wconf 81' lang='grc' dir='ltr'>ἑταίρων.</span> 
     </span>
    </p>
   </div>
   <div class='ocr_carea' id='block_1_20' title="bbox 415 3529 1929 3615">
    <p class='ocr_par' dir='ltr' id='par_1_20' title="bbox 415 3529 1929 3615">
     <span class='ocr_line' id='line_1_44' title="bbox 415 3529 1929 3615; baseline 0.003 -24"><span class='ocrx_word' id='word_1_245' title='bbox 415 3529 508 3595; x_wconf 82' lang='grc' dir='ltr'>Οὐ</span> <span class='ocrx_word' id='word_1_246' title='bbox 553 3534 790 3593; x_wconf 85' lang='grc' dir='ltr'>πιστοῖο</span> <span class='ocrx_word' id='word_1_247' title='bbox 836 3530 1019 3614; x_wconf 81' lang='grc' dir='ltr'>φίλου</span> <span class='ocrx_word' id='word_1_248' title='bbox 1066 3534 1152 3600; x_wconf 91' lang='grc' dir='ltr'>τίς</span> <span class='ocrx_word' id='word_1_249' title='bbox 1188 3532 1454 3615; x_wconf 88' lang='grc' dir='ltr'>ἀμείνων</span> <span class='ocrx_word' id='word_1_250' title='bbox 1505 3531 1660 3594; x_wconf 82' lang='grc' dir='ltr'>ἐστὶν</span> <span class='ocrx_word' id='word_1_251' title='bbox 1707 3530 1929 3614; x_wconf 79' lang='grc' dir='ltr'>ἰητρός.</span> 
     </span>
    </p>
   </div>
  </div>
 </body>
</html>
