2452 4186
1096 293 1215 355 187

248 460 467 523 Gruter
486 463 624 536 161,
628 464 687 523 2.
713 463 798 528 ὡς
817 465 1025 530 καλῶς
1047 465 1270 544 κυρτῆς
1287 459 1504 543 ἰθύνθη
1527 464 1759 543 ζεῦγμα
1777 460 2071 546 γεφύρης,

325 542 531 628 κᾷστιν
573 546 719 613 ὁδὸς
757 547 1017 650 συνεχὴς
1060 547 1099 628 ἥ
1136 567 1289 606 ποτε
1337 544 1703 652 ρηγνυμένη.

247 630 565 714 στείβομεν
609 628 946 714 ἀσφαλέως
992 630 1395 712 ὑποκείμενον
1443 627 1666 713 ἴχνεσιν
1715 629 1921 713 οἶδμα,

328 715 429 776 καὶ
478 718 790 818 μορμδρον
839 715 1005 797 ὕδωρ
1049 714 1393 796 λεύσσομεν
1438 714 1749 776 ἀσπάσιοι.

246 797 496 882 ρηϊδίως
535 798 831 881 στείχοιτε
872 800 1025 904 πρὸς
1071 799 1243 882 ὑμῶν
1285 799 1522 901 χάρμα,
1555 793 1841 903 Κυρῖται,

329 883 430 945 καὶ
474 880 722 966 Ναρσῆν
768 884 1039 989 κροτέων
1077 882 1237 968 ἦχος
1278 881 1653 965 ὑποψοφέοι.

246 965 315 1034 ὃς
360 965 408 1029 Γ
413 965 611 1029 οτθων
631 968 1086 1076 σφριγύωντας
1133 969 1249 1031 ὑπὸ
1302 969 1476 1071 ζυγὸν
1523 966 1639 1049 ἧκε
1676 966 2047 1051 τραχήλους,

330 1049 507 1119 οὗτος
547 1052 652 1114 καὶ
693 1053 1012 1137 ποταμους
1050 1056 1265 1134 ζεῦγος
1305 1048 1511 1114 ἔπεισε
1560 1049 1790 1134 φέρειν.

245 1222 304 1295 2,
321 1223 420 1283 59.
465 1216 668 1303 Μίκκη
703 1221 845 1303 ἐγώ.
885 1244 940 1283 τι
930 1221 1139 1283 ’πέλω
1172 1221 1263 1295 δὲ,
1298 1219 1560 1324 βλέπεις,
1588 1218 1802 1324 μικρός
1842 1219 2070 1281 εἰλαπι-

331 1303 514 1372 οἶκος.
565 1305 937 1409 ἀνακτόρεον
982 1308 1085 1369 τὸν
1126 1304 1317 1366 θόλον
1360 1302 1534 1366 ἔνθεν
1585 1304 1749 1387 ὁρᾷς.
1880 1304 2071 1382 [νάων

249 1388 503 1457 ἀνάπεσ’
512 1436 529 1464 ,
578 1389 962 1465 οἰνοπόταζε,
1005 1388 1188 1503 ρύδον
1221 1387 1414 1489 λαβέ,
1460 1389 1633 1472 χρίεο
1682 1388 1909 1473 νάρδῳ.

328 1474 514 1540 αὐτὸς
552 1476 877 1599 μιμνήσκει
917 1479 1024 1536 τοῦ
1074 1473 1345 1536 θανάτου
1397 1496 1464 1535 σε
1510 1472 1672 1541 θεός.

250 1649 303 1720 1,
314 1648 415 1707 82.
466 1640 528 1702 ἐν
573 1645 783 1725 πολλῇ
816 1642 984 1706 κόνει
1028 1643 1067 1723 ἡ
1122 1642 1268 1725 στοὴ
1317 1642 1565 1725 ριφεῖσα

457 1729 687 1810 μακρὸν
735 1728 963 1810 ρυσμὸν
1012 1727 1298 1811 ἐρειπίων
1340 1727 1604 1789 ἁπλῶσα

453 1812 617 1912 ποίῳ
658 1814 940 1893 πτώματι
982 1817 1180 1875 κεῖται
1223 1810 1547 1894 ἠμύουσας

459 1895 659 1979 ἀκμὴν
704 1899 907 1958 ταῖσδ’
957 1898 1074 1959 ὑπὸ
1116 1892 1424 1998 Ρήγυλος
1475 1895 1753 1979 στέγῃσιν

459 1982 691 2063 αἰώρης
744 1981 971 2048 ἐλάσας
1015 1979 1184 2084 ὅχημ
1250 1980 1516 2062 ἀπῆλθε.

457 2067 654 2151 βρίθει
698 2063 756 2127 δ
806 2063 1125 2150 ἀχθομένη
1173 2066 1242 2128 δε
1225 2063 1471 2129 ’δουπεν
1516 2064 1716 2149 ἄφνω.

456 2173 499 2235 χ
574 2155 679 2226 ὡς,
730 2152 918 2233 μηδὲν
965 2151 1105 2232 περὶ
1151 2149 1419 2233 δεσπότῃ
1461 2149 1729 2234 τρέουσα

456 2238 690 2298 πτώσει
728 2234 945 2381 ἤριπεν
994 2235 1283 2318 ἀσφαλὴς
1327 2235 1545 2340 ἀθωῳ,

454 2318 705 2396 τύσσου,
819 2321 1031 2402 ήγυλε,
1071 2320 1353 2381 κινδύνου
1407 2318 1545 2401 μέτ’
1591 2317 1769 2381 αἶσαν

455 2405 539 2472 τίς
583 2403 637 2465 σ’
689 2404 803 2466 οὐκ
854 2403 1176 2465 ἀθανάτων
1225 2403 1474 2485 μέλημα
1521 2404 1695 2486 φαίη,

456 2493 683 2556 πτῶσις
729 2487 801 2550 οὔ
847 2489 1024 2573 χάριν
1080 2487 1359 2571 ἀβλαβὴς
1403 2467 1668 2571 ἐτύχθη;

245 2659 423 2734 1,12.
470 2651 514 2740 ᾗ
559 2656 762 2740 τρίβος
809 2658 895 2723 εἰς
939 2655 1181 2740 ψυχρὰς
1224 2652 1765 2739 τείνειΤείβουρος
1809 2652 2075 2737 ἐρίπνας,

328 2742 524 2805 λευκά
565 2743 621 2802 τ’
669 2740 1001 2849 ἀναβλύζει
1046 2742 1288 2823 νάματα
1333 2740 1674 2842 θειοβαφῆ,

238 2826 415 2897 ἔνθα
443 2824 595 2909 γύας
647 2823 834 2931 ἱερὰς,
880 2827 983 2888 καὶ
1025 2823 1296 2888 Μουσῶν
1340 2826 1586 2888 δάσκιον
1635 2822 1824 2890 ἄλσος

330 2915 586 2994 σημεῖον
631 2909 879 2978 πόλεως
899 2910 1069 3018 6500.
1109 2908 1396 3018 τέταρτον
1449 2908 1602 2994 ἔχει.

235 2997 398 3080 τῇδε
442 2995 665 3079 θέρευς
714 2995 957 3079 σκιερὰς
1006 2995 1190 3077 ἕδρας
1236 2993 1505 3057 αἴθουσα
1545 2997 1865 3077 παρεῖχεν,

329 3081 370 3161 ἡ
415 3103 516 3162 μικ
559 3085 632 3142 06
677 3085 872 3143 ποιεῖν
921 3081 1108 3162 τλῆσε
1130 3081 1417 3184 νεοχμὸν
1463 3079 1627 3160 ἄγος.
1938 3075 2002 3159 [ἢ
2022 3077 2075 3153 1²]

237 3164 464 3269 ἤριπεν
514 3104 802 3247 ἐξαίφνης
846 3164 986 3248 γὰρ,
1032 3157 1368 3244 ύπύστείος
1410 3161 1547 3226 εὖτε
1589 3160 1667 3225 δι”
1722 3160 1910 3244 αὐτῆς

239 3244 633 3438 ἧῖήίῑλος
675 3248 943 3317 ἐξελάων
992 3247 1105 3331 ἥγε
1148 3248 1391 3310 δι’ϊππον
1438 3246 1609 3331 ὄχον.

239 3332 965 3499 ἧτοσσὲτιδηιομῑιιύξέιξς
979 3334 1195 3500 Ἔίιχᾶἔὶέϊ
1209 3330 1602 3520 φβῗιῗέδῖιέῖιύκ
1646 3328 2007 3412 O’W'e‘ssstsstvess]

239 3503 320 3567 τὰ
366 3503 567 3589 βλάβη
613 3502 903 3586 ὠφελέει,
951 3507 1061 3566 τοῦ
1106 3500 1387 3565 κινδύνου
1440 3499 1594 3562 ἐστὶν
1647 3498 1928 3564 ὄνασθαι.
