2452 4186
1248 270 1368 333 134

392 439 590 508 Ξυνὸς
627 435 970 506 Ἐνυάλιος.
1013 435 1172 524 Νίκη
1216 437 1279 502 δ’
1323 437 1725 521 ἐπαμείβεται
1760 433 2008 518 ἄνδρας.

380 522 660 609 Ὄμματ’
685 521 820 608 ἔχει
856 525 1137 606 κεφαλῆς
1179 523 1413 603 ὄπιθεν.
1458 519 1649 584 Μάλα
1671 542 1751 603 με
1774 519 1945 602 Ευρεῖ
1974 519 2037 581 ἐν
2060 523 2213 603 χρῷ.

384 606 462 674 Ὀ
506 609 685 692 ξυρὸς
728 608 815 675 εἰς
864 606 1110 691 ἀκόνην.
1146 606 1394 690 Ἀγαθὴ
1435 607 1539 679 καὶ
1579 605 1744 688 μάζα
1792 603 1931 687 μετ’
1972 603 2174 687 ἄρτον.

384 691 463 759 ‘O
503 696 769 759 πλοῦτος
791 687 1083 775 Κινύρου.
1132 691 1295 768 Ἀπὸ
1342 689 1591 773 πύργων
1635 687 1852 771 κρίνετ’
1896 686 2214 772 Ἀχαίους.

385 775 462 843 ‘O
502 777 782 859 πρωκτὸς
818 776 1083 860 λούτρου
1123 777 1511 860 περιγίνεται.
1549 769 1781 841 ’Ύπνος
1819 773 2091 837 ἀπέστω.

383 859 462 927 Ὃ
512 863 686 944 σκνὶψ
728 861 832 944 τὴν
879 862 1114 945 χώραν.
1163 858 1348 929 Οἶνος
1384 859 1485 922 καὶ
1523 859 1742 927 παῖδες
1785 857 2061 942 ἀληθεῖς.

389 944 465 1011 ‘O
514 947 748 1029 ψάλτης
794 945 1044 1028 ἀπορῶν
1089 948 1316 1094 guium.
1363 942 1766 1027 Σαρπηδόνος
1811 943 1985 1024 ἀκτή.

395 1029 474 1096 Οἱ
510 1026 751 1093 Ῥόδιοι
797 1028 1038 1092 θυσίαν.
1134 1031 1312 1097 ’ὐδεὶς
1359 1051 1481 1090 σαπ
1524 1029 1611 1104 ὸς,
1661 1026 1852 1110 μέγας
1895 1024 2091 1110 ἰχθύς.

394 1112 547 1180 Οἶδε
584 1115 652 1177 τὸ
691 1115 906 1176 λευκὸν
948 1117 1052 1179 καὶ
1090 1117 1157 1179 τὸ
1209 1114 1422 1198 μέλαν.
1469 1051 1750 1179 ΙρῘλοΰτος
1790 1111 2137 1194 κεράμειος.

394 1197 655 1264 Οἴκοθεν
702 1198 953 1268 εἰκάζω.
997 1196 1123 1262 Καὶ
1156 1199 1268 1283 κύρ
1318 1220 1463 1280 ορος
1508 1197 1570 1265 ἐν
1617 1197 1962 1280 λαχάνοισι.

396 1281 658 1348 Οίκοθεν
704 1281 929 1366 ἐχθρὸν
974 1280 1208 1368 ἔχουσι.
1324 1284 1456 1365 άρις
1502 1281 1760 1365 βαιοῖσιν
1809 1279 2048 1362 ὀπηδεῖ.

395 1365 722 1451 Οἰνοχοεῖς
759 1367 1181 1517 ᾕατράχοισιν.
1221 1366 1412 1449 Ὑπὲρ
1460 1366 1539 1429 σὰ
1584 1367 1916 1447 σκάμματα
1957 1363 2178 1449 πηδᾷς.

396 1448 714 1516 Οἰόλυκοι.
818 1452 946 1523 εζοὶ
991 1453 1160 1537 παρὰ
1203 1452 1431 1515 Λύδιον
1475 1450 1643 1534 ἅρμα
1689 1448 1958 1516 θέοντες.

394 1532 643 1604 Οἰταῖος
685 1537 945 1619 δαίμων.
984 1537 1149 1600 Ἀπὸ
1200 1536 1509 1623 βαλβίδος.
1562 1531 1653 1598 Οὐ
1694 1533 1810 1618 γὰρ
1852 1531 2135 1596 ἄκανθαι.

395 1617 565 1704 Οῖφᾷ
609 1622 819 1703 χωλὸς
865 1620 1102 1703 ἄριστα.
1149 1621 1298 1684 Δύω
1337 1621 1587 1725 τοίχους
1636 1616 1744 1700 ἅμ’
1794 1618 2089 1701 ἀλείφεις.

395 1701 747 1769 Οἰωνίσαιτ’
792 1703 863 1766 ἄν
915 1726 1001 1773 τις
1045 1705 1190 1767 ἰδών
1237 1728 1327 1767 σε.
1372 1702 1609 1766 Μοθων
1651 1703 1774 1764 ἀπὸ
1817 1705 2050 1783 κώπης.

389 1785 788 1855 Ὀκτάποδες.
830 1785 1140 1873 Μεγαρεῖς
1178 1788 1308 1852 οὔτ’
1356 1789 1418 1850 ἐν
1468 1787 1635 1872 λόγῳ
1685 1785 1823 1849 οὔτ’
1854 1787 1915 1849 ἐν
1951 1785 2215 1870 ἀριθμῷ.

391 1869 761 1956 Ὀμφακίας.
806 1872 1293 1958 Ἀβδηρολόγος.
1347 1870 1589 1940 Κότυος
1630 1871 1963 1954 θιασώτης.

394 1955 485 2022 Οὐ
536 1957 593 2020 δ’
642 1955 812 2040 ἴκταρ
834 2013 839 2017 ,γ
860 1960 1177 2043 βάλλουσι.
1224 1956 1406 2040 Μέγα
1449 1956 1648 2038 στόμα
1686 1960 1796 2019 τοῦ
1844 1956 2145 2018 ἐνιαυτοῦ.

394 2040 485 2108 Οὐ
539 2044 705 2104 λῖνον
746 2042 893 2127 λίνῳ
933 2065 1004 2125 γε
1045 2043 1383 2112 συνάπτεις.
1424 2039 1547 2124 Ἔμ
1593 2042 1707 2104 αλε
1741 2043 1964 2125 κυλλῇ.
2111 2095 2116 2101 .

395 2124 487 2191 Οὔ
532 2149 644 2188 τοι.
693 2125 1078 2212 Στησιχόρου
1128 2127 1247 2211 τρί’
1296 2126 1503 2209 ἔγνως.
1606 2126 1701 2188 ὁδ’
1731 2126 1901 2194 ἐντὸς
1933 2122 2176 2208 Ἰώρου.

394 2208 565 2276 Οὐδὲ
605 2214 707 2272 τὸν
750 2209 1048 2276 Αἴσωπον
1097 2214 1471 2294 πεπάτηκας.
1527 2209 1771 2273 Σύκινοι
1811 2210 1921 2273 ἄνδ
1965 2230 2046 2276 ες.

394 2293 594 2360 Οὐδὲν
642 2295 1153 2378 πρὸς-Διόνυσον.
1190 2294 1602 2379 Ὑπερμαζᾷν.
1652 2292 1863 2378 Χορὸς
1908 2298 2131 2377 αργῶν.

394 2377 526 2444 Οὐκ
571 2380 763 2462 ἀρετᾷ
800 2380 962 2443 κακὰ
1002 2378 1174 2463 ἔργα.
1209 2377 1427 2464 Κρεῶν
1468 2378 1784 2446 δασύπους
1829 2378 2136 2459 ἐπιθυμεῖ.

395 2461 527 2530 Οὐκ
572 2464 782 2531 αὐλεῖς
817 2468 1078 2548 πατρῶα
1125 2464 1305 2548 μέλη.
1358 2463 1616 2547 Σιγῶσιν
1655 2462 1988 2545 Ἀμύκλαι.

394 2546 484 2613 Οὐ
535 2549 557 2609 ὶ
601 2548 718 2632 γὰρ
766 2548 1084 2632 ἀγγέλλεις
1116 2548 1413 2631 πόλεμον.
1459 2547 1594 2612 Μῦν
1636 2548 1765 2612 ἀντὶ
1805 2546 2071 2615 λέοντος.

391 2572 764 2717 Παὶιίδοφιλεῑ
811 2636 1043 2715 μᾶλλον
1088 2638 1193 2716 τῆς
1242 2631 1288 2696 Γ
1294 2635 1532 2701 ελλοΰς.
1580 2630 1808 2715 Χερσὶν
1856 2632 2144 2700 ἀνίπτοις.

391 2715 640 2787 Παίζειν
689 2717 752 2779 ἐν
795 2717 1147 2781 πενθοῦσιν.
1182 2713 1259 2780 Ὁ
1305 2718 1519 2800 γείτων
1562 2717 1663 2778 τὸν
1702 2715 1870 2779 πόδα
1912 2720 2116 2778 κινῶν.

391 2799 649 2864 Πανικά.
690 2798 806 2885 Nu?
846 2802 1089 2866 πείθου.
1135 2799 1244 2869 Εἰς
1281 2802 1385 2865 τὸν
1423 2799 1790 2885 τετρημένον
1840 2801 2094 2867 ἀντλεῖς.

390 2882 605 2948 Πάντα
650 2886 830 2948 κακοὶ
875 2888 1171 2967 τολμῶσι.
1216 2882 1409 2971 Μάχη
1455 2887 1554 2952 ἐπὶ
1601 2886 1803 2968 μήδεα
1849 2885 2057 2967 κείρει.

390 2968 603 3033 Πάντα
643 2970 851 3033 κάλων
892 2970 1095 3032 σείειν.
1136 2968 1393 3038 “Αλιεὺς
1434 2970 1685 3053 πληγεὶς
1726 2969 1869 3031 νόον
1919 2967 2096 3032 οἴσει.

389 3052 600 3117 Πάντα
649 3055 757 3137 μία
807 3053 973 3123 κόνις
1014 3054 1159 3120 ἐστί.
1210 3054 1298 3118 Σὺ
1351 3054 1415 3117 δ’
1462 3056 1628 3138 ἱερὸν
1672 3054 1854 3117 οὐδὲν
1903 3054 2214 3138 ὑπάρχεις.

328 3145 335 3154 “
387 3136 682 3219 Πάντα[ς]
733 3141 834 3202 δεῖ
865 3139 1323 3222 παραλοῧσθαι.
1365 3140 1627 3222 Ἀφηγῇ
1657 3138 1886 3221 τούμὸν
1915 3137 2063 3222 ὄναρ
2093 3139 2213 3222 μοί.

389 3222 553 3287 Πᾶσι
588 3227 819 3308 κριταῖς
859 3229 1048 3307 νικᾷν.
1095 3222 1299 3290 Πίνειν
1345 3225 1613 3308 διψῶντα
1661 3229 1886 3306 σιωπῇ.

388 3303 614 3390 Παόρα
653 3308 785 3391 μὲν,
829 3309 991 3371 ἀλλὰ
1037 3309 1205 3392 μάλα
1246 3308 1484 3391 λιγέως.
1534 3304 1983 3392 Ἑτερόγναθύς
2028 3305 2172 3370 ἐστι.

389 3390 581 3474 Πῆμα
622 3393 811 3459 κακὸς
852 3394 1089 3474 γείτων.
1123 3390 1312 3476 Ὑπὲρ
1353 3387 1746 3475 Ἐνδυμίωνα
1789 3391 2134 3459 καθεύδεις.

389 3474 577 3540 Πλεῖν
615 3477 702 3544 εἰς
717 3474 1107 3559 Μασσαλίην.
1143 3471 1318 3541 “Am
1339 3477 1608 3561 keixanos
1629 3479 1847 3541 Δειλὸν
1872 3479 1904 3540 ὁ
1930 3477 2213 3543 πλοῦτος.
