2452 4186
1181 326 1308 385 350

258 529 263 540 -
336 495 408 552 In
454 495 643 552 risum
688 513 896 552 eorum
934 493 1243 552 transtulit
1280 494 1593 566 coloniam,

339 577 460 653 Qui
500 579 797 656 praelium
842 598 1079 637 movere
1122 577 1388 638 Saturno
1437 579 1639 637 satis.⁴

338 663 476 722 Baii
514 664 787 741 magistri
829 665 1150 741 postmodo
1187 665 1450 737 bustum,
1496 675 1671 723 casas

198 747 304 801 695
337 750 489 807 Post
532 749 885 825 praeteribit
927 747 1306 820 Cimmerum,
1350 758 1410 806 et
1445 748 1789 807 Plutonium

336 836 553 910 Aquae
596 834 883 909 procellis
928 835 1311 891 fluctuantem
1356 834 1675 911 gurgitem,

341 919 569 991 Ossan,
618 920 915 994 boumque
960 918 1180 976 Viriati
1221 920 1470 977 semitas

341 1002 599 1074 Stratas,
643 1022 977 1080 nemusque
1017 1004 1277 1061 Liberae
1323 1022 1517 1079 pusae
1560 1003 1817 1076 inferae,

340 1087 741 1164 Candensque
784 1089 1098 1165 flam[m]is
1140 1090 1383 1161 flumen,
1425 1097 1602 1163 atque
1642 1090 1745 1148 ubi
1785 1090 2035 1159 aetheri

203 1176 304 1229 700
340 1173 533 1231 Tollit
580 1192 865 1231 cacumen
905 1175 1110 1251 ampla
1150 1193 1453 1250 procapes
1504 1174 1650 1250 iugi,

338 1259 434 1316 Ex
476 1278 595 1332 quo
641 1259 867 1318 fluenta
911 1269 1145 1330 cuncta,
1192 1259 1393 1316 cuncti
1435 1259 1705 1316 funditus

260 1385 263 1390 ·
337 1343 567 1402 Fontes
614 1363 721 1418 per
756 1364 901 1402 arva
945 1345 1320 1421 dissipantur
1359 1344 1542 1401 Itala.

339 1429 774 1505 Linquensque
818 1430 1192 1487 Lethaeonis
1237 1429 1362 1486 alta
1407 1428 1690 1521 culmina,

340 1514 690 1589 Lacumque
733 1516 1060 1586 Avernum,
1110 1533 1288 1589 quem
1331 1495 1524 1571 labro
1547 1514 1736 1570 ambit
1780 1513 2010 1584 circite,

203 1603 306 1656 705
341 1599 420 1655 Et
460 1599 678 1656 flumen
724 1608 854 1656 atra
898 1609 1069 1658 nocte
1109 1598 1319 1675 Cocyti
1366 1600 1663 1657 obrutum.

342 1682 548 1760 Stygis
588 1684 883 1761 nigrantis
929 1685 1245 1761 gurgitem,
1291 1704 1411 1758 qua
1453 1682 1775 1740 Terminus

339 1768 606 1825 Iuranda
653 1770 852 1844 posuit
890 1770 1023 1827 iura
1067 1769 1365 1844 supremis
1410 1768 1564 1840 deis,

343 1854 440 1910 Ire
481 1854 544 1910 in
591 1852 886 1931 Gigantes
931 1864 1110 1930 atque
1156 1854 1414 1912 Titanos
1461 1871 1715 1929 parans:

340 1938 636 1995 Libamen
683 1939 1070 2015 haustrisque
1116 1940 1317 1997 aureis
1360 1940 1600 1996 antlans
1649 1955 1861 2012 aquae,

208 2033 311 2085 710
348 2023 545 2082 Orcae
587 2023 812 2080 dicabit
850 2031 912 2080 et
951 2025 1078 2082 viro
1120 2024 1450 2095 donarium,

345 2107 537 2169 Silam
580 2109 899 2167 columnae
943 2109 1152 2166 vertici
1195 2109 1550 2185 appendens
1600 2125 1799 2166 suam:

264 2234 269 2239 0
343 2194 424 2251 Et
463 2201 587 2252 tres
630 2194 870 2251 necabit
910 2194 1021 2251 filii
1066 2192 1346 2253 Salaciae

343 2279 576 2356 Pupas,
624 2296 911 2336 camenae
953 2279 1163 2337 matris
1204 2279 1554 2338 aemulans·
1570 2277 1720 2348 soni,

345 2365 515 2421 Iactu
553 2365 837 2423 insolenti
877 2365 1196 2441 praecipes
1248 2385 1281 2422 e
1328 2364 1586 2423 culmine

209 2457 310 2510 715
343 2450 560 2507 Pinnis
607 2451 864 2508 caducas
914 2469 1143 2524 aequor
1187 2451 1252 2507 in
1297 2448 1753 2526 Tyrrhenicum,

345 2533 713 2608 Quacunque
759 2537 945 2592 amari
989 2535 1122 2593 iura
1147 2535 1439 2594 ,staminis
1490 2534 1745 2590 trahent.

342 2620 543 2680 Unam
588 2619 837 2678 Phaleri
873 2621 1053 2679 turris
1102 2621 1352 2678 eiectam
1390 2620 1559 2677 foras

347 2703 687 2780 Glanisque
726 2706 946 2782 capiet,
992 2706 1236 2763 flumine
1274 2706 1536 2762 irrorans
1584 2702 1861 2759 humum:

347 2789 485 2864 Qua
525 2808 718 2865 pusae
760 2809 1026 2848 acerram
1070 2799 1482 2849 construentes
1525 2786 1785 2858 incolae,

211 2884 315 2937 720
349 2875 722 2932 Vitulatuum
767 2884 1072 2951 strepente
1116 2876 1546 2950 Parthenopen
1594 2891 1749 2930 sono

347 2958 642 3020 Solennia
688 2960 863 3018 deam
906 2960 1249 3018 iubilabunt
1292 2960 1516 3017 alitem.

347 3049 431 3105 At
469 3046 635 3105 littus
677 3055 912 3105 extans⁴
940 3047 1004 3103 in
1047 3046 1323 3104 Veniliae
1370 3045 1519 3101 deae

351 3131 433 3190 Se
476 3149 780 3204 corruenS,
826 3132 1245 3209 cognominem
1282 3129 1585 3188 Leucosia

348 3216 593 3273 Petram
632 3218 880 3289 tenebit,
925 3235 1043 3291 qua
1082 3218 1275 3275 fluens
1319 3216 1383 3275 Is
1431 3224 1490 3273 et
1528 3215 1695 3272 ferox

212 3311 316 3365 7⁶25
348 3301 607 3359 Fluenta
645 3301 855 3378 pingui
895 3301 1073 3358 Laris
1118 3309 1347 3359 eructat
1390 3301 1534 3359 solo,

351 3386 545 3462 Ligea
590 3393 799 3462 agetur
842 3386 906 3443 in
951 3385 1251 3443 Terenam
1291 3387 1608 3457 fluctuans,

354 3469 612 3530 Sulcans
651 3470 954 3546 procellae
998 3490 1289 3528 murmur:
1333 3470 1499 3528 illam
1541 3470 1777 3528 navitae

353 3556 659 3631 Linquent
702 3554 1001 3631 sepultam
1042 3555 1300 3613 littorali
1339 3554 1587 3632 cespite,
