2452 4186
1213 309 1365 369 ,300

397 476 654 556 Indigna
703 497 910 536 eorum
951 479 1113 536 facta
1154 498 1293 538 sese
1337 479 1526 536 ultum
1567 480 1777 555 probe.

258 563 361 617 305
394 563 492 622 Ad
531 571 675 622 nota
717 582 953 622 rursum
993 572 1151 621 tecta
1196 564 1535 641 regreditur
1576 563 1850 640 gradum:

397 647 792 723 Tandemque
839 649 1060 708 mentis
1102 649 1165 706 in
1212 657 1576 724 potestatem
1624 649 1796 706 redit.
1923 656 1924 659 ’

396 733 481 792 Ut
521 734 694 792 novit
730 752 968 791 omnem
1013 754 1214 792 errore
1262 734 1625 810 completam
1672 735 1936 806 domum,

394 818 683 876 Frontem
719 819 879 891 ferit,
918 818 1183 892 quiritat,
1226 819 1291 876 in
1332 820 1761 877 commiscuam

394 903 728 961 Iacentium
773 922 839 961 se
884 904 1130 979 proiicit
1172 911 1437 981 stragem
1481 923 1748 982 gregum,

259 991 364 1044 310
397 989 581 1045 Manu
621 988 983 1064 prehensam
1027 988 1353 1047 identidem
1403 989 1683 1048 scindens
1736 996 2004 1048 comam:

396 1072 636 1147 Diuque
679 1080 845 1130 muto
892 1074 1157 1132 constitit
1201 1074 1468 1132 silentio.
1659 1068 1674 1081 ⁸

395 1158 635 1215 Exinde
679 1158 891 1235 gravia
933 1158 1333 1217 comminatus
1380 1167 1474 1217 est
1517 1158 1682 1229 mihi,

395 1241 481 1300 Ni
526 1243 898 1302 edisseratur
936 1263 1137 1316 omne,
1182 1244 1467 1320 quicquid
1510 1253 1604 1301 est
1647 1242 1810 1299 mali.

397 1329 487 1385 Ac
525 1336 690 1387 esset
728 1329 790 1384 in
834 1348 975 1403 qu0,
1023 1330 1463 1400 sciscitabatur,
1508 1336 1684 1386 statu.

261 1419 364 1471 315
396 1411 515 1471 His
559 1415 853 1484 territata,
900 1433 1143 1490 quoque
1183 1422 1358 1492 gesta
1400 1413 1480 1471 sit
1521 1412 1726 1483 modo,

396 1498 476 1557 Et
519 1517 634 1573 quo
680 1499 944 1556 sciebam
984 1500 1098 1556 rite
1141 1518 1269 1557 rem
1308 1499 1512 1575 pando
1560 1498 1789 1555 ordine.

398 1581 572 1640 Tunc
607 1583 742 1659 ipse
784 1591 1039 1657 questus
1074 1602 1351 1660 rumpere
1401 1582 1738 1653 eiulabileS,

396 1667 558 1724 Huic
596 1669 767 1744 prius
810 1670 1088 1741 inausoS,
1135 1678 1312 1744 atque
1357 1669 1663 1728 inauditos
1712 1666 1889 1724 mihi:

396 1753 701 1828 Expetere
747 1753 902 1812 tales
946 1773 1203 1828 nanque*
1229 1757 1518 1813 censebat
1564 1771 1741 1811 sonos

262 1838 365 1893 320
398 1838 723 1915 Ignavitati
765 1839 1008 1911 mentis,
1057 1847 1234 1913 atque
1275 1840 1602 1899 imbelliae.

392 1923 473 1979 Et
517 1941 667 1981 voce
710 1943 996 1999 parcens,
1049 1933 1228 1998 atque
1271 1924 1555 1982 lamentis
1592 1923 1789 2000 prius,

397 2006 674 2066 Gemitus
705 2010 1038 2082 premebat,
1086 2017 1293 2067 taurus
1339 2018 1405 2067 ut
1447 2009 1636 2085 mugit
1678 2009 1871 2066 ferox.

394 2090 575 2150 Nunc
623 2093 733 2149 hoc
771 2093 980 2167 iniquo
1028 2095 1387 2154 constitutus
1434 2096 1498 2152 in
1540 2103 1720 2166 statu,

397 2177 469 2234 In
512 2185 711 2254 strage
753 2197 1060 2253 pecorum,
1104 2177 1346 2238 Cereris
1397 2189 1457 2237 et
1492 2180 1998 2251 Bacchi‘carenS,

260 2272 364 2326 325
401 2262 710 2335 Ferroque
752 2264 949 2322 caesis
989 2265 1273 2341 gregibus
1318 2266 1564 2323 incubat
1604 2265 1853 2324 sedens:

395 2350 486 2406 Ac
529 2348 740 2405 nescio
785 2350 950 2422 quod
990 2350 1232 2409 facinus
1277 2359 1593 2428 occoeptat
1632 2369 1832 2427 grave.

397 2433 585 2492 Tales
631 2434 894 2507 querelis
937 2435 1153 2493 miscet
1194 2436 1478 2494 eiulitans
1528 2454 1732 2494 sonos.

395 2523 478 2576 At
511 2536 645 2590 VOS,
691 2518 890 2591 amici,
932 2539 1174 2596 nanque
1219 2540 1292 2577 ea
1336 2539 1431 2578 me
1476 2520 1668 2597 gratia

397 2602 535 2661 Huc
573 2604 820 2676 contuli,
857 2606 962 2677 ite,
1008 2606 1158 2662 ferte
1203 2624 1402 2682 opem,
1448 2605 1746 2676 tutamini,

256 2698 366 2751 330
399 2688 640 2746 Faciles
682 2690 892 2747 amicis
938 2699 1080 2748 sunt
1118 2690 1295 2747 amici
1335 2690 1570 2747 eimodi.

394 2771 504 2831 Ch.
586 2773 848 2850 Indigna
890 2794 1031 2832 vero
1083 2776 1251 2847 mihi,
1300 2774 1680 2833 Teleutantis
1729 2790 1942 2849 genuS,

389 2858 786 2933 Proloqueris
829 2860 1136 2917 hominem
1176 2861 1629 2936 expectorarier
1672 2857 1867 2915 malis.

393 2944 495 3003 Ai.
583 2943 727 3023 Hei,
772 2944 901 3001 hei!

395 3028 540 3086 Tec.
630 3028 790 3102 Quin
835 3048 992 3085 nunc
1038 3030 1232 3107 magis
1276 3030 1529 3088 videtur.
1574 3050 1652 3087 an
1690 3027 2023 3087 sentiscitis

256 3124 361 3177 335
399 3112 564 3186 Quas
609 3113 806 3171 fundit
846 3115 1007 3172 Aiax
1044 3134 1144 3171 ore
1176 3133 1361 3173 voces
1401 3115 1630 3173 flebili?

393 3199 492 3257 Ai.
585 3198 727 3271 Hei,
768 3200 900 3257 hei!

320 3305 323 3308 ’
396 3281 505 3341 Oh.
591 3285 831 3356 Mirum,
875 3284 939 3341 ni
980 3285 1163 3343 homo
1212 3293 1316 3342 aut
1359 3292 1653 3362 aegrotat,
1699 3292 1801 3341 aut
1839 3282 2242 3360 offenditurh

393 3369 595 3426 Morbi
638 3370 863 3445 prioris
908 3369 1301 3445 poenitudine
1342 3371 1584 3428 anxius.

391 3452 489 3514 Ai.
584 3452 704 3511 Hei
747 3474 922 3529 puer,
966 3455 1066 3511 hei
1107 3449 1289 3531 puer!

256 3550 360 3604 340
395 3538 541 3597 Tec.
590 3537 727 3596 Heu
745 3538 970 3597 misera
984 3539 1125 3613 quid
1142 3541 1359 3618 agam?
1385 3538 2006 3615 te,puto,Eurysaces
2035 3546 2236 3595 vocat.
