2452 4186
1148 277 1273 337 409
1303 364 1357 370 .„

326 447 359 499 9
429 444 744 495 nummaria
795 451 870 493 est
937 442 1267 513 μνημοσύνη.
1329 442 1664 493 Mammurius
1723 441 1988 505 Veturius,
2031 458 2118 495 seu

293 512 608 565 Mammuria
654 511 879 562 Veturia.
924 510 1050 562 Vide
1084 513 1384 564 Varronem.

440 580 777 633 'Carmentae
814 589 892 630 est
923 590 1067 631 vetus
1103 582 1361 641 Menaria,
1401 587 1460 629 ut
1494 578 1605 629 vult
1652 580 1837 629 Varro.
2087 616 2093 621 -

333 651 397 702 10
466 649 771 700 Novensiles
813 648 1131 702 Camoenae.
1169 650 1259 700 Dii
1295 647 1614 708 Novensiles,
1650 648 1749 710 vel,
1789 639 2121 714 Novensiles,

293 727 411 771 sunt
445 734 626 769 novem
668 718 742 768 dii
779 735 886 768 una
915 710 1168 769 sedentes:
1210 737 1244 769 a
1282 734 1378 785 quo
1414 734 1594 767 nomen
1630 717 1817 767 habent
1856 719 1998 786 apud
2011 720 2120 770 Sa-

297 788 454 839 binos.
513 785 729 847 Quinam
772 788 875 836 sint
918 786 1033 850 illi,
1085 787 1199 838 vide
1248 788 1477 837 diversas
1531 786 1822 853 opiniones,
1875 804 2003 854 quas
2057 806 2122 839 ex

297 854 548 907 veteribus
590 854 928 922 scriptoribus
973 858 1185 906 adducit
1225 855 1596 906 eruditissimus
1630 864 1815 906 auctor
1842 856 2121 908 Arnobius.

299 922 597 975 Novensiles
645 923 928 974 Camoenae
963 924 1098 975 nihil
1127 924 1277 975 aliud
1309 932 1428 975 sunt
1464 940 1616 990 quam
1653 924 1801 975 ἐννέα
1845 931 2053 993 μοῦσαι.

467 993 677 1043 Mustea
718 994 911 1042 Venus.
955 992 1082 1043 Vide
1127 994 1424 1044 Varronem.

337 1061 393 1111 11
467 1062 792 1111 Lucumones
829 1062 970 1129 apud
1003 1062 1215 1112 Festum
1248 1062 1487 1112 videntur
1523 1078 1628 1111 esse
1650 1061 1799 1111 Genii
1819 1062 2120 1126 infestantes

301 1129 416 1179 loca
453 1131 525 1179 ad
563 1146 695 1196 quae
728 1130 955 1191 veniunt,
998 1133 1134 1197 quod
1164 1132 1440 1199 proprium
1476 1138 1550 1180 est
1587 1129 1818 1181 Larium.
1855 1132 1958 1181 Sed
1994 1131 2123 1183 alibi

298 1199 522 1248 diotimus
561 1198 875 1248 Lucumoues
912 1199 1047 1249 nihil
1085 1199 1234 1251 aliud
1270 1217 1374 1249 esse
1409 1216 1560 1266 quam
1598 1196 1880 1258 λυκάονας.

336 1266 400 1317 12
471 1266 742 1317 Grundulii
786 1275 836 1317 et
871 1267 1181 1330 Grundules,
1215 1269 1431 1319 Larium
1472 1276 1854 1334 coqnomentum
1893 1270 2123 1320 omnibus

300 1336 601 1402 impositum.
652 1336 776 1387 Vide
814 1335 984 1387 Cassii
1015 1337 1262 1388 Heminae
1300 1337 1464 1387 locum
1496 1338 1637 1403 apud
1677 1336 1984 1387 Diomedem.

338 1404 402 1522 13
442 1403 740 1523 >kCortumio
787 1413 863 1454 est
920 1406 1056 1457 visus
1107 1408 1333 1457 intimus.
1395 1406 1669 1474 ‘Cortumio
1721 1408 1855 1457 Iuris
1910 1408 2123 1459 dicimus

301 1472 325 1523 ὀ
407 1491 437 1522 α
517 1471 593 1529 ὸς.

332 1491 398 1592 ΤΒ
468 1491 641 1591 furitis
677 1541 709 1611 ἡ
748 1538 916 1608 θέμις.
958 1542 1184 1593 Gellius:
1236 1560 1542 1610 quamquam
1588 1543 1729 1609 apud
1767 1541 1986 1592 Gellium
2026 1542 2125 1610 leqi

294 1618 503 1678 poterat
538 1610 774 1672 Quiritis3
812 1610 874 1659 Id
910 1619 984 1661 est
1025 1610 1271 1682 λογγᾶτις
1313 1609 1408 1662 θεὰ
1439 1612 1784 1678 Lycophroni.

338 1679 400 1729 15
472 1680 632 1729 Festa
672 1681 802 1740 Dea,
840 1675 1010 1747 θέμις.
1062 1674 1165 1731 Fas
1202 1677 1371 1747 θέμις.
1421 1681 1557 1730 Nam
1590 1681 1737 1731 Fasti
1779 1681 1904 1742 dies,
1944 1680 2124 1746 quibus

306 1747 535 1796 Tkemidi
574 1748 688 1810 fieri
726 1747 872 1798 solet.

337 1813 402 1866 17
472 1815 765 1868 Mulciberi.
804 1818 891 1867 Ita
927 1815 1208 1886 μειλιχίους
1247 1814 1398 1873 θεοὺς
1422 1816 1682 1865 vertimus.
1719 1817 1855 1866 Nam
1873 1815 2127 1866 Mulciber

301 1900 337 1933 a
374 1880 658 1935 mulcendo.
703 1885 803 1933 Sed
839 1885 896 1935 id
919 1902 1196 1952 coqnomen
1217 1886 1500 1952 praecipue
1543 1883 1771 1935 Vulcano
1799 1884 2123 1947 attributum,

301 1952 427 2018 quia
446 1951 554 2016 iqui
568 1952 766 2014 serrum
790 1953 1057 2006 mulcetur.
1099 1956 1176 2004 sic
1216 1954 1354 2020 quod
1371 1954 1478 2020 iqni
1514 1952 1756 2003 domitum
1782 1962 1857 2003 est
1875 1954 2125 2006 Homerus

297 2027 455 2071 vocat
489 2019 898 2089 μειλισσόμενον.
939 2033 989 2073 et
1024 2023 1152 2074 alibi
1186 2023 1313 2073 dicit
1350 2023 1470 2092 πυρὶ
1513 2020 1862 2091 μαλασσέμεν.

340 2086 404 2140 18
473 2090 692 2141 Moneta
726 2100 800 2141 est
840 2091 1076 2162 πρόνοια,
1113 2111 1147 2143 a
1184 2093 1444 2143 monendo«
1471 2091 1628 2142 dicta.

339 2157 406 2208 19
479 2159 645 2207 Manii
686 2159 838 2210 Genii
879 2158 1063 2228 ἀγαθοὶ
1101 2161 1361 2229 δαίμονες.

333 2226 406 2277 20
477 2226 599 2273 Inui
634 2229 810 2278 κακοὶ.
855 2246 975 2278 nam
1008 2231 1168 2280 Inuus
1208 2228 1235 2279 ὁ
1280 2229 1526 2300 ἐφιάλτης
1567 2228 1765 2278 Servio.

334 2295 399 2345 21
477 2294 702 2344 Brumus
743 2304 816 2344 est
851 2296 1082 2365 βρόμιος,
1121 2307 1166 2346 et
1204 2298 1480 2348 Brumalia
1515 2296 1617 2346 eius
1652 2297 1806 2359 festa,
1846 2305 1894 2346 et
1931 2298 2130 2347 Bruma

304 2363 355 2414 αἱ
399 2363 690 2432 χειμεριναὶ
737 2365 948 2433 τροπαὶ,
1005 2366 1127 2431 quia
1181 2366 1390 2416 circiter
1435 2366 1492 2415 id
1542 2366 1781 2431 temporis
1832 2363 2130 2416 incidebant

306 2430 688 2482 Bacchanalia.

339 2499 406 2549 22
478 2499 675 2549 Graeca
730 2499 987 2551 Nemesis,
1041 2502 1298 2552 Graecam
1349 2520 1617 2563 vocamus,
1664 2502 1787 2568 quia
1840 2518 1943 2550 non
1976 2501 2129 2551 habet

305 2585 485 2617 nomen
505 2568 768 2629 Latinum,
800 2578 858 2618 ut
894 2571 972 2620 ait
988 2570 1204 2621 Plinius.
1235 2580 1404 2621 tamen
1441 2571 1575 2621 nihil
1612 2570 1757 2621 aliud
1779 2577 1854 2620 est
1877 2571 2129 2631 Nemesis,

308 2653 460 2704 quam
497 2636 843 2688 Vorticordia.
883 2640 984 2689 Sed
1024 2647 1073 2689 et
1105 2640 1286 2691 Venus
1322 2642 1649 2713 Vorticordia
1688 2638 1981 2690 celebratur
2015 2639 2128 2688 Ro-

306 2723 486 2755 manis.

339 2774 408 2825 23
475 2775 708 2826 Moesius
744 2786 798 2826 et
834 2777 1004 2828 Maius
1037 2777 1198 2837 idem,
1237 2778 1295 2826 id
1333 2786 1435 2838 est,
1475 2774 1501 2827 ὁ
1546 2778 1770 2845 μείζων.
1826 2773 1853 2826 ὁ
1891 2773 2129 2832 παλαιὸς.

293 2840 442 2892 'Vide
485 2843 827 2894 Coniectanea
869 2854 1052 2895 nostra
1085 2846 1142 2894 in
1185 2845 1486 2896 Varronem.

345 2909 411 2961 24
479 2912 679 2962 Paluda
713 2921 788 2963 est
826 2911 1211 2971 ὲλκεσίπεπλος.
1265 2914 1431 2964 Varro
1475 2932 1539 2963 eoe
1577 2913 1778 2963 Ennio:

480 2979 709 3046 Corpore
748 2983 1022 3032 Tar-tarino
1054 2990 1309 3046 prognata
1344 2984 1546 3033 Paluda
1579 2984 1772 3045 virago,

304 3048 410 3098 Sed
443 3050 506 3167 inl
531 3048 697 3167 §roho
741 3050 927 3117 leqitur
965 3052 1178 3117 palude:
1219 3059 1278 3101 ut
1312 3051 1638 3117 intelligatur
1672 3058 1722 3100 et
1742 3049 1977 3098 Minerva
2002 3055 2134 3096 nata

306 3137 372 3167 ex
408 3134 479 3185 pa
502 3136 538 3168 u
575 3135 615 3166 e.

424 3255 640 3319 Peg-inis
680 3257 761 3304 his
797 3256 1108 3317 vacantibus,
1145 3265 1419 3320 sequentes
1458 3254 1675 3304 Notulas
1713 3252 2014 3303 addidimus.

309 3321 358 3382 8,
380 3321 441 3372 12
475 3323 525 3378 ἐς
565 3322 823 3393 λοκοὺρη]
848 3322 1144 3375 Delendum.
1186 3325 1325 3375 Nam
1356 3323 1565 3374 mutilus
1596 3322 1753 3389 plane
1789 3337 1982 3373 versus.
2024 3319 2133 3369 Aut

311 3391 445 3439 enim
501 3408 566 3440 ea·
610 3392 869 3461 superiori
928 3394 1162 3463 πάνσοφε
1209 3391 1375 3464 κούρη
1417 3392 1702 3459 repetitum,
1742 3397 1834 3441 aut
1871 3406 1924 3441 es
1951 3391 2133 3439 ‘locuta

309 3457 375 3508 ab
413 3458 644 3526 Hispano
698 3461 917 3528 quodam
955 3460 1184 3513 additum
1201 3500 1215 3523 ,
1258 3462 1471 3513 innuere
1508 3458 1740 3520 volente,
1775 3458 1990 3510 stultum
2030 3473 2135 3507 esse
