2452 4186
1088 300 1208 361 251

403 463 499 529 Τὰ
516 462 729 549 γνῶστ’
752 464 878 528 ἐστὶ
894 467 1194 552 λογισμῷ,
1209 467 1362 550 ἀτὰρ
1380 464 1440 529 τ’
1458 464 1740 547 ἄγνωστα
1759 468 2057 550 τυχηρῶς.

226 550 353 616 ΛΓ.
405 547 483 614 Εἰ
533 550 736 634 βίοτος
781 556 1135 635 στρωφᾶται
1180 552 1642 634 ἀτεκμάρτοισιν
1681 550 1953 626 ἀέθλοις,

384 633 604 719 Ἧμαρ
652 634 715 696 ἐν
766 630 818 719 ᾦ
857 635 1101 703 πονέεις
1130 640 1249 698 πᾶν
1290 634 1546 719 κέρδεος
1589 635 1988 717 ἀντιλογίζου.

227 720 361 786 ΛΔ.
405 717 536 803 Κῆν
581 718 862 788 ἐπίδοξος
909 718 1018 804 ἔῃς
1059 725 1251 803 νικᾷν,
1297 721 1545 782 ὑπόεικε
1588 719 1757 804 φίλῳ
1805 725 1938 787 σοῦ.

405 801 532 886 Τῆς
571 802 687 887 γὰρ
739 804 1072 888 ύπηρεσίης
1115 807 1290 887 ἡδεῖς
1333 806 1632 884 ἡττῶνται
1680 805 1933 888 ἑταῖροι.

227 885 362 956 ΛΕ.
405 883 481 950 Εἰ
527 886 749 971 μεγάλ’
799 889 1061 966 αἰτίζεις,
1103 890 1184 973 μὴ
1234 890 1446 973 φείδεο
1490 888 1633 974 βαιὰ
1669 896 1980 974 χορηγεῖν.

385 969 549 1038 Ὧδε
596 973 773 1056 χάρις
818 974 1117 1042 τοίςδεσσι
1170 974 1389 1056 φίλους
1434 976 1716 1056 δεσμοῖσι
1759 976 2062 1038 συνάπτει.

228 1055 343 1125 Ac.
404 1053 636 1119 Νείκεα
658 1057 809 1140 τῷδ’
840 1058 1107 1140 ἐπάγειν,
1129 1058 1196 1126 ὅς
1226 1081 1323 1121 σοι
1350 1060 1528 1144 φίλος
1554 1058 2060 1142 ἐστὶ,φυλάσσου.

397 1137 633 1225 Ἔχθος
671 1139 853 1204 ἔτικτ’
898 1143 1071 1227 ὀργὴ,
1117 1143 1321 1227 φιλίης
1372 1142 1430 1206 δ’
1476 1143 1737 1225 ὁμόνοια
1778 1143 2012 1227 τιθήνη.

229 1220 357 1286 ΛΖ.
387 1221 505 1287 ’Ὴν
526 1224 595 1288 σέ
615 1224 755 1287 ποτ’
772 1226 1112 1308 ἀμπλακίαι
1136 1227 1427 1310 θεράπων
1451 1229 1772 1310 προάγωσι
1796 1229 1948 1311 πρὸς
1965 1229 2062 1312 ὀρ-

405 1305 529 1392 Τῆς
560 1311 754 1393 ὁρμῆς
778 1312 1074 1414 κρατέειν,
1102 1316 1222 1373 τῶν
1250 1312 1490 1374 οἰκείων
1518 1311 1616 1374 ἵνα
1648 1312 1856 1396 φείσῃ.
1902 1313 2061 1396 [γὴν,

231 1389 504 1457 AH.⁰Ov
551 1399 716 1477 νικᾷν
767 1396 1044 1472 δυνασαι,
1091 1400 1170 1477 τῇ
1211 1397 1500 1481 καρτερίῃ
1546 1396 1913 1480 περιγίγνου.

406 1476 542 1540 Atel
584 1481 871 1564 καρτερίη
916 1481 974 1543 δ’
1028 1481 1305 1563 ἀρετάων
1350 1480 1474 1542 ἐστὶ
1521 1481 1790 1564 μεγίστη.

229 1556 360 1622 ΛΘ.
401 1559 749 1633 Ἐνδυκέως
788 1565 1062 1647 ταμίευέ,
1107 1565 1298 1647 τάπερ
1338 1566 1594 1650 καμάτῳ
1631 1564 2015 1648 πεπόρισται.

406 1643 531 1730 Τὴν
547 1648 758 1731 πενίην
776 1651 1096 1733 κάματοςγ
1110 1647 1150 1728 ’,
1164 1646 1364 1733 ὅτανῇ
1390 1651 1761 1734 δαπανηρὸς,
1784 1649 2060 1733 ὀφέλλει.

230 1726 343 1793 Μ.
407 1728 585 1793 Τοῖσι
634 1734 837 1817 φίλοις
876 1735 979 1797 καὶ
1003 1735 1228 1797 ἕταισιν
1259 1734 1407 1797 ἐπὰν
1439 1732 1759 1818 φιλότιμος
1788 1734 2063 1816 ἀκούσῃς

395 1811 653 1901 ’Όλβιος
695 1817 1031 1903 εὐτυχέων,
1075 1818 1147 1880 σὺ
1200 1819 1270 1881 δὲ
1316 1820 1600 1903 φίλτερος
1640 1818 1766 1881 ἴσθι
1796 1817 2060 1903 σεαυτῷ.

726 1982 1066 2051 ΒΙΒΛΙΟΝ
1115 1983 1570 2051 ΔΕΥΤΕΡΟΝ.

225 2067 306 2134 A.
387 2065 583 2154 Ἔργα
628 2071 974 2156 γεωπονίης
1020 2073 1073 2136 εἰ
1122 2073 1177 2136 0²
1232 2070 1460 2136 εἰδέναι
1503 2071 1715 2158 ἵμερος
1759 2073 1942 2157 αἱρεῖ,

401 2152 711 2238 Βιργίλιον
764 2156 950 2228 δίζευ.
993 2157 1269 2242 βοτανῶν
1319 2159 1388 2220 δὲ
1434 2159 1738 2241 δαήμεναι
1781 2156 1983 2240 ἀκμὰς

402 2236 479 2302 Εἰ
520 2238 791 2319 ποθέεις,
835 2242 1059 2309 ταύτας
1106 2241 1366 2325 Μάκρου
1412 2245 1716 2305 κλείουσιν
1768 2243 1996 2318 ἀοιδαὶ,

389 2318 585 2386 ’Ώσκε
624 2324 833 2387 δύναιο
877 2325 1057 2388 νόσον
1109 2326 1349 2409 μελέων
1399 2328 1519 2391 ἀπὸ
1559 2331 1763 2389 πᾶσαν
1814 2327 2061 2406 ἀμῦναι.

402 2400 480 2473 Εἰ
517 2407 582 2470 δ’
612 2408 851 2477 ἐθέλεις
884 2410 1118 2495 ῥώμης,
1149 2411 1467 2494 ἐμφύλους
1507 2412 1564 2472 τ’
1593 2409 1766 2493 ἴδμεν
1801 2410 2060 2491 ἀγῶνας,

401 2494 720 2556 Λουκανὸν
773 2496 1061 2577 ζήτησον,
1099 2495 1165 2563 ὃς
1195 2495 1423 2578 Ἄρεος
1467 2494 1633 2557 εἶπεν
1677 2494 1964 2562 ἀέθλους.

402 2575 478 2641 Εἰ
521 2579 595 2660 δὴ
640 2578 783 2663 ἐρᾷν
829 2582 933 2642 καὶ
973 2577 1157 2663 ἔρωτι
1202 2579 1571 2662 μαθητεύειν
1608 2578 2061 2663 προβέβουλας,

401 2660 703 2730 Νάσωνος
716 2665 884 2747 πάρα
905 2669 1094 2727 ταῦτα
1125 2665 1366 2746 μάθοις.
1395 2661 1471 2727 Εἰ
1490 2665 1548 2727 δ’
1570 2665 1719 2727 αὐτὸ
1747 2668 2062 2748 μεριμνᾷς,

404 2745 547 2816 Πῶς
574 2749 768 2830 σοφὸς
797 2751 882 2812 ὢν
905 2751 1155 2831 διάγοις,
1177 2748 1359 2812 κλύθι
1391 2754 1536 2831 μοῢ,
1554 2749 1653 2812 ἵνα
1678 2754 1870 2811 ταῦτα
1899 2749 2059 2811 διδα-

403 2830 611 2894 Πάντα
621 2833 694 2894 δι’
709 2834 966 2917 ὧνζωὴν
981 2835 1196 2917 κακίης
1210 2834 1355 2918 δίχα
1368 2837 1568 2897 πᾶσαν
1585 2833 1833 2917 ἀνύσῃς.
1875 2833 2065 2917 [χθῇς
2192 2856 2197 2861 ·

404 2916 596 3000 Δεῦρ’
618 2915 761 3002 ἄρα,
786 2919 889 2981 καὶ
914 2918 974 2980 τί
997 2918 1174 2982 πέλει
1194 2920 1379 3004 σοφίη
1414 2916 1575 3002 μαθὲ
1605 2923 1731 2998 νῦν,
1760 2918 1898 2981 τάδ’
1921 2918 2060 2979 ἀνα·

1491 3026 1651 3073 νους.

226 3082 308 3149 Β.
399 3083 475 3149 Εἰ
517 3083 797 3168 δύνασαι,
839 3091 1102 3150 σπεῦσον
1149 3088 1255 3149 καὶ
1283 3087 1425 3155 τοὺς
1452 3028 1726 3169 ἀγνῶτας
1749 3085 2060 3171 ὀφέλλειν.

397 3167 660 3254 Κέρδιόν
708 3171 833 3233 ἐστι
880 3171 1099 3256 φίλους
1142 3172 1556 3254 περιποιεῖσθ’
1602 3174 1641 3256 ἢ
1692 3168 2062 3258 βασιλεύειν.

228 3254 300 3319 Γ.
399 3259 589 3319 Λεῖπε
619 3256 846 3320 θεοῢτ’
871 3255 1266 3340 ἄρρητα,τίτ’
1290 3254 1553 3338 οὐρανός
1578 3256 1758 3333 ἐστιν,
1787 3257 2060 3340 ἐρευνᾷν.

406 3339 636 3423 Θνητὸς
675 3341 794 3403 ἐὼν
838 3341 1115 3425 θνητοῖσι
1162 3340 1486 3424 μεμηλότα
1531 3338 1681 3423 ἔργα
1727 3341 2009 3425 μερίμνα.

226 3427 301 3489 Δ.
387 3421 601 3488 Ῥῖπτε
633 3424 827 3510 φόβον
859 3425 1148 3488 θανάτου.
1181 3427 1250 3489 τὸ
1268 3424 1383 3508 γὰρ
1411 3424 1690 3509 ἀφραδές
1721 3425 2064 3507 ἐστιν,ἀλή-

1453 3532 1610 3577 wem<
