2452 4186
1136 337 1212 396 19

242 510 478 567 Famae
529 507 836 584 stigmata,
886 509 1149 566 nominis
1200 509 1436 579 liturae,

246 593 485 670 Speras
524 592 668 651 olim
705 592 945 649 abolere
988 613 1214 669 posse3
1259 594 1499 651 frustra.

248 679 409 738 Cum
455 678 676 735 vulnus
722 678 880 749 coiit,
924 688 1128 736 manet
1172 679 1455 735 cicatrix:

244 764 455 839 thue
500 762 755 820 infamia
794 762 1010 821 vulnus
1061 772 1154 820 est
1195 763 1444 821 honoris
1458 785 1480 831 ;

249 851 352 907 Ita
393 847 725 925 ignominia
768 846 897 905 eius
941 856 1036 907 est
1080 849 1351 905 cicatrix.

258 1019 360 1074 13.
443 1017 536 1073 De
596 1016 837 1087 Sabine,
900 1037 1064 1092 quem
1106 1022 1410 1094 sponsione
1465 1017 1617 1075 mille
1662 1035 1732 1073 ac
1785 1016 2088 1071 ducentum

324 1121 629 1159 aureorum
643 1112 1016 1179 provocarat,
1040 1106 1217 1180 terqiv
1225 1112 1448 1161 ersante
1467 1103 1783 1176 triumphat
1795 1098 2035 1157 Auctor.

253 1187 435 1262 Quod
476 1186 807 1244 Fontenaci
854 1206 1040 1244 verna
1083 1208 1199 1245 non
1251 1187 1529 1260 viriliter,

253 1273 457 1346 Quem
505 1271 727 1330 stultus
771 1273 1009 1329 hostem
1055 1273 1420 1347 provocavit,
1470 1270 1721 1344 excipit:

253 1357 443 1431 Quod
490 1356 829 1431 sponsione
869 1357 991 1413 iam
1039 1357 1385 1429 lacessitus,
1432 1366 1632 1413 tamen

248 1443 629 1514 Frustratur,
676 1449 736 1498 et
773 1441 1047 1515 calvitur,
1097 1450 1157 1499 et
1198 1442 1413 1517 pedem
1462 1441 1663 1500 struit:

250 1529 551 1585 Extrema
592 1544 778 1583 arena
815 1527 969 1600 quod
1017 1527 1286 1602 Quirites
1334 1528 1627 1584 invocans
1689 1593 1695 1599 ,

252 1612 602 1669 Indebitam
650 1612 906 1668 antehac
950 1612 1307 1670 missionem
1346 1611 1634 1688 postulat,

250 1697 405 1755 Non
453 1716 622 1753 crure
669 1706 852 1770 sect0,
901 1717 1015 1754 non
1061 1696 1351 1754 lacertum
1395 1698 1660 1767 saucius,

251 1782 402 1840 Non
453 1783 624 1839 hoste
668 1782 824 1838 viso:
874 1782 982 1840 sed
1027 1783 1208 1839 tubae
1255 1781 1459 1839 audito
1512 1800 1657 1839 sono

254 1867 502 1942 Turpes
550 1866 817 1924 latebras
844 1866 1098 1941 ,quaerit
1139 1868 1436 1944 exanguis
1479 1874 1671 1924 metu:

252 1953 387 2010 Vos
434 1949 790 2009 Gallicanae
829 1951 1032 2009 lumen
1083 1971 1153 2009 ac
1193 1952 1375 2009 decus
1421 1960 1598 2028 togae

253 2038 489 2113 (Quam
539 2056 671 2093 cum
701 2035 965 2096 Sabinus
1014 2038 1272 2114 sumpsit
1313 2036 1476 2109 olim,
1513 2035 1786 2113 Iuppiter

253 2124 436 2181 Tunc
481 2123 815 2196 inquinavit
860 2142 998 2179 aere
1045 2130 1286 2200 tempus
1327 2125 1602 2199 aureum)

250 2209 410 2279 Vos,
454 2207 819 2283 caeterique,
868 2208 968 2283 qui
1012 2207 1377 2284 voluptatem
1422 2209 1666 2266 auribus

250 2294 402 2351 Huc
440 2301 800 2367 aucupatum
849 2293 1311 2351 concucurristis
1358 2294 1561 2364 domu,

250 2378 464 2437 Abite.
531 2377 711 2434 abite.
804 2378 934 2434 Iam
976 2386 1072 2435 sat
1117 2387 1231 2451 est,
1274 2378 1408 2434 vici.
1499 2379 1662 2453 Quia

252 2462 442 2520 Vinci
485 2471 743 2534 veretur,
785 2471 880 2520 sat
925 2462 1189 2522 Sabinus
1238 2463 1431 2520 victus
1473 2471 1584 2520 est.

256 2548 472 2618 Abite,
517 2547 653 2604 vici.
741 2545 864 2606 Sed
907 2568 1101 2605 meam
1147 2547 1458 2605 victoriam

249 2633 404 2693 Non
443 2640 726 2689 aeneator
766 2633 1140 2709 praedicabit
1191 2632 1505 2703 IsthmiuS‚

251 2718 407 2777 Non
451 2717 757 2775 laureatae
804 2718 1172 2775 nunciabunt
1212 2717 1444 2775 literae.

250 2804 405 2862 Non
445 2820 539 2858 me
586 2803 921 2860 trahentem
965 2802 1180 2859 aulaea
1216 2804 1522 2879 palmatae
1561 2811 1758 2879 togae,

253 2890 539 2962 Viaeque
585 2888 817 2962 equinis
868 2895 1058 2945 strata
1098 2888 1486 2963 plaudentem
1527 2887 1766 2965 ungulis

251 2976 433 3033 Ebur
478 2972 679 3028 curule
725 2973 899 3032 sistet
940 2974 1003 3029 in
1051 2972 1203 3031 clivo
1245 2974 1435 3045 Iovi8‚

250 3058 398 3116 Iovi
438 3057 717 3115 Faliscae
766 3058 1100 3115 debitorem
1142 3059 1438 3115 victimae.

251 3144 406 3203 Non
451 3143 771 3201 bracteatis
808 3142 1121 3201 ventilabit
1162 3143 1444 3201 laudibus

253 3227 448 3303 Volgi
493 3229 772 3304 sequacis
818 3228 1060 3301 clamor,
1109 3237 1212 3285 aut
1257 3228 1578 3302 Quiritium

252 3315 472 3372 Paean
514 3331 785 3372 canorus.
835 3334 957 3371 non
1001 3314 1209 3371 iocosa
1253 3313 1544 3370 montium

251 3401 474 3475 Imago
525 3398 704 3457 claris
749 3399 1019 3456 intonata
1061 3398 1378 3475 plausibus

252 3484 531 3543 Victoris
577 3502 755 3541 aures
801 3484 1156 3560 personabit
1194 3482 1401 3561 gloria.

250 3569 519 3628 Plebeia
556 3569 744 3645 pulpa
790 3569 990 3627 ductet
1032 3570 1183 3626 haec
1226 3567 1558 3641 fameli008‚

841 3660 857 3688 .
1608 3663 1697 3721 2.
