2452 4186
1035 307 1154 381 ¹49

179 483 324 554 Τοῖς
362 482 662 555 Ἀττικοῖς
703 488 1092 556 κονισσάλοις
1131 491 1447 570 νεωκορεῖ.

178 567 324 639 Τοῖς
364 569 693 655 εὐτυχοῦσι
735 571 837 634 καὶ
879 572 1141 656 τρίμηνα
1183 571 1418 636 παιδία.

180 651 299 719 Τὸν
346 653 530 719 αὐτὸν
574 656 761 719 αἰνεῖν
803 656 903 719 καὶ
948 655 1176 741 ψέγειν,
1223 657 1447 740 ἀνδρὸς
1488 660 1703 720 κακοῦ.
1739 676 1748 681 ·

181 736 300 803 Τὸν
349 738 417 802 δ’
463 739 786 824 ἐγγράφειν
827 740 915 809 εἰς
963 741 1111 810 τοὺς
1145 739 1471 823 Ἰαλέμους
1507 739 1652 804 ἔδει.
1689 758 1701 771 ·

182 819 300 888 Τὸν
346 825 381 886 δ
425 826 590 888 ῶντα
628 830 752 888 ποῦ
803 826 856 888 τὶ
893 825 1003 888 καὶ
1031 826 1253 889 παθεῖν
1299 826 1631 909 ὀφείλεται.

182 905 301 973 Τὸν
345 908 382 971 ἕ
424 908 614 991 δομον
657 911 828 994 βοῦν,
862 910 902 992 ἡ
949 911 1114 994 σοφὴ
1165 910 1485 995 παροιμία.

161 989 300 1082 ,Τὸν
345 993 607 1076 πλησίον
650 1016 745 1056 τοι
787 992 1096 1057 νουθετεῖν
1144 994 1262 1079 βρα
1309 994 1379 1063 bc
1419 993 1624 1064 πόνος.
1743 1012 1747 1014 ’

185 1073 299 1141 Τὸν
340 1075 512 1139 πόδα
545 1078 805 1153 διώκεις,
851 1077 986 1162 ἄρτι
1027 1080 1134 1162 τὴν
1183 1018 1415 1163 ὑπξραν
1460 1079 1656 1165 ἀφείς.
1697 1098 1704 1101 ί

185 1158 310 1225 Τοῦ
349 1159 662 1245 Πρωτέως
706 1161 947 1246 πέφυκε
989 1165 1444 1269 ποικιλώτερος.

185 1242 309 1310 Τοῦ
354 1244 706 1330 φιλοσόφου
747 1243 1039 1331 Ζήνωνος
1079 1247 1570 1332 ἐγκρατεστερος.

185 1325 341 1399 Τοὺς
383 1329 794 1414 εὐτυχοῦντας
842 1333 945 1394 καὶ
990 1335 1237 1416 φρονεῖν
1279 1332 1627 1415 νομίζομεν.

186 1409 371 1478 Τοῦτί
407 1412 475 1476 δ’
521 1413 638 1491 ὅ,τ’
686 1413 814 1477 ἐστ’
863 1415 999 1478 οὐδ’
1049 1414 1119 1478 ἂν
1167 1418 1198 1479 ὁ
1246 1415 1553 1479 Απόλλων
1596 1416 1788 1500 μάθῃ.

185 1493 360 1583 Τρεῖς
407 1498 557 1561 εἰσὶν
608 1499 803 1562 ἱκανοὶ
844 1524 887 1561 π
931 1501 1122 1563 ωκτὸν
1172 1500 1430 1584 ἐκμάξαι
1478 1500 1660 1578 λίθοι,

268 1581 339 1646 ἂν
382 1584 502 1645 ὦσι
543 1587 819 1668 τραχεῖς·
906 1607 934 1646 ν
979 1585 1049 1647 δὲ
1094 1586 1268 1663 λεῖοι,
1316 1584 1628 1667 τέσσαρες.

188 1663 294 1753 Τῷ
330 1667 387 1730 δ’
438 1665 519 1730 αὖ
563 1673 847 1731 πονοῦντι
888 1670 991 1731 καὶ
1033 1669 1182 1739 θεὸς
1225 1669 1658 1752 ξυλλαμβάνει.

188 1747 290 1836 Τῷ
328 1753 738 1838 πρωτοπείρῳ
767 1755 1098 1823 ,παντελῶς
1140 1752 1578 1837 συγγνωστέον.

188 1831 322 1899 Τῶν
365 1836 790 1921 εὐτυχούντων
834 1839 1053 1907 πάντες
1088 1839 1204 1901 εἰσὶ
1248 1841 1576 1921 συγγενεῖς.

183 1916 570 2005 Ὑδρωπικοῦ
612 1920 937 2007 Εηρότερόν
987 1923 1144 1986 ἐστιν
1195 1922 1433 1986 οὐδεέν.

179 2001 411 2088 Ὑγίεια
453 2006 557 2069 καὶ
601 2010 746 2075 νοῦς
786 2006 980 2070 ἐσθλὰ
1013 2013 1105 2093 τῷ
1153 2008 1269 2092 βίῳ
1315 2006 1447 2070 δύο.

177 2082 383 2176 Ὕδωρ
427 2090 501 2154 δὲ
537 2091 726 2178 πίνων
770 2092 1036 2176 χρηστὸν
1083 2091 1263 2155 οὐδὲν
1307 2091 1381 2156 ἄν
1419 2089 1635 2160 τέκοις.

183 2170 365 2260 Ὑπὲρ
400 2180 645 2239 ’καπνοῦ
687 2178 990 2259 πηδάλιον
1037 2178 1512 2261 ἐκκρεμάμενον.
1617 2191 1626 2198 ·

177 2252 400 2329 Ὕπνος
440 2260 514 2322 δὲ
556 2264 768 2324 πεῖναν
809 2262 916 2342 τὴν
968 2261 1351 2346 κακέσχατον
1395 2262 1584 2343 δαμᾷ.

184 2339 331 2407 Ὑπὸ
375 2349 487 2428 τῆς
519 2346 784 2428 ἀνάγκης
821 2346 1018 2408 πάντα
1057 2346 1390 2408 δουλοῦται
1426 2342 1604 2428 ταχό.

195 2426 450 2512 Φεὺγειν
500 2430 744 2497 ἁπάσας
786 2429 893 2499 τὰς
935 2431 1136 2512 πάγας
1180 2429 1254 2492 οὐ
1299 2428 1529 2513 ῥᾴδιον.

196 2510 409 2596 Φθόης
452 2515 793 2599 προφήτης,
839 2515 1150 2597 καλάμινα
1191 2513 1378 2596 σκέλη
1422 2516 1657 2596 φορῶν.

196 2594 377 2662 Φιλεῖ
412 2599 484 2661 δὲ
518 2604 606 2684 τῷ
648 2600 936 2681 κάμνοντι
983 2597 1348 2662 συσπεΰδειν
1390 2596 1558 2665 θεός.

196 2678 563 2746 Φιλιππίδου
611 2682 975 2767 λεπτότερον
1019 2683 1331 2752 ἀποδείξει
1372 2683 1553 2766 τάχα.

196 2763 389 2830 Φίλου
431 2766 698 2852 τρόπους
739 2767 1019 2851 γίνωσκε,
1068 2768 1334 2853 μισήσῃς
1377 2766 1448 2829 δὲ
1483 2766 1593 2871 μή.

192 2845 479 2915 Χαλεπὸν
524 2852 792 2935 ζητοῦσά
828 2873 922 2913 τοι
966 2854 1389 2937 σκυτοτραγεῖν
1433 2873 1620 2913 κυων.

191 2930 405 3020 Χάραν
458 2938 667 3023 λαβὼν
713 2934 1012 3020 μέμνησο,
1052 2937 1153 3000 καὶ
1188 2937 1335 3005 δοὺς
1367 2934 1689 2998 ἐπιλάθου.
1736 2933 1940 3018 [χάριν
1956 2933 2012 3011 Ρ]

191 3015 343 3105 Χεὶρ
388 3024 574 3106 χεῖρα
614 3022 824 3097 νίπτει,
869 3022 1164 3090 δάκτυλος
1204 3023 1305 3085 τὸν
1350 3021 1666 3084 δάκτυλον.

192 3098 442 3190 Χειροῖν
489 3106 598 3189 μὲν
643 3105 731 3188 ἀμ
785 3109 901 3182 οῖν,
944 3106 1017 3168 οὐ
1059 3107 1187 3189 μιᾷ,
1236 3104 1648 3189 δωρούμενος.
1703 3104 1938 3188 [χεροῖν
1957 3103 2013 3181 Ρ]

192 3182 348 3257 Χῖος
387 3189 707 3275 παραστὰς
799 3195 924 3253 ῶον
970 3190 1081 3253 οὐκ
1128 3189 1204 3272 ἐᾷ
1245 3190 1470 3273 λέγειν.

193 3265 394 3357 Χρεία
436 3275 731 3350 διδάσκει,
769 3272 878 3359 κᾷν
926 3273 1205 3358 ἄμουσος
1242 3270 1309 3357 ᾖ,
1349 3272 1569 3358 σοφόν.
1649 3291 1653 3297 ·

194 3350 330 3441 Χρὴ
379 3359 447 3421 δ”
486 3359 658 3426 ἐκτὸς
699 3358 843 3422 ὄντα
885 3360 1184 3443 πημάτων
1228 3358 1306 3420 τὰ
1347 3356 1504 3419 δεῖν’
1551 3359 1721 3440 ὁρᾷν.
1793 3381 1800 3387 ·

194 3432 450 3526 Χρυσοῦ
498 3443 832 3511 λαλοῦντος
868 3448 989 3512 πᾶς
1034 3442 1418 3526 ἀπρακτείτω
1470 3440 1670 3523 λόγος.

196 3521 410 3613 Χωλῷ
441 3530 754 3611 παροικῶν
800 3524 912 3611 κᾷν
958 3528 1067 3605 ἑνὶ,
1115 3528 1353 3598 σκάζειν
1401 3523 1640 3609 μάθοις.
