<?xml version="1.0" encoding="UTF-8"?>
<!DOCTYPE html PUBLIC "-//W3C//DTD XHTML 1.0 Transitional//EN"
    "http://www.w3.org/TR/xhtml1/DTD/xhtml1-transitional.dtd">
<html xmlns="http://www.w3.org/1999/xhtml" xml:lang="en" lang="en">
 <head>
  <title>
</title>
<meta http-equiv="Content-Type" content="text/html;charset=utf-8" />
  <meta name='ocr-system' content='tesseract 3.04.00' />
  <meta name='ocr-capabilities' content='ocr_page ocr_carea ocr_par ocr_line ocrx_word'/>
</head>
<body>
  <div class='ocr_page' id='page_1' title='image "./iosephiscaliger02scalgoog/iosephiscaliger02scalgoog_0378.png"; bbox 0 0 2452 4186; ppageno 0'>
   <div class='ocr_carea' id='block_1_1' title="bbox 1277 285 1401 345">
    <p class='ocr_par' dir='ltr' id='par_1_1' title="bbox 1277 285 1401 345">
     <span class='ocr_line' id='line_1_1' title="bbox 1277 285 1401 345; baseline 0.016 -2"><span class='ocrx_word' id='word_1_1' title='bbox 1277 285 1401 345; x_wconf 84' lang='lat'><strong>368</strong></span> 
     </span>
    </p>
   </div>
   <div class='ocr_carea' id='block_1_2' title="bbox 1184 371 1487 380">
    <p class='ocr_par' dir='ltr' id='par_1_2' title="bbox 1184 371 1487 380">
     <span class='ocr_line' id='line_1_2' title="bbox 1184 371 1487 380; baseline 0 0"><span class='ocrx_word' id='word_1_2' title='bbox 1184 371 1487 380; x_wconf 95' lang='lat' dir='ltr'><strong> </strong></span> 
     </span>
    </p>
   </div>
   <div class='ocr_carea' id='block_1_3' title="bbox 288 448 2038 3163">
    <p class='ocr_par' dir='ltr' id='par_1_3' title="bbox 442 448 1821 615">
     <span class='ocr_line' id='line_1_3' title="bbox 443 448 1679 532; baseline 0.002 -23"><span class='ocrx_word' id='word_1_3' title='bbox 443 448 765 509; x_wconf 83' lang='lat' dir='ltr'><strong>Certamen</strong></span> <span class='ocrx_word' id='word_1_4' title='bbox 806 451 964 509; x_wconf 84' lang='lat' dir='ltr'><strong>acris</strong></span> <span class='ocrx_word' id='word_1_5' title='bbox 1005 463 1398 513; x_wconf 83' lang='lat' dir='ltr'><strong>conserentes</strong></span> <span class='ocrx_word' id='word_1_6' title='bbox 1441 455 1679 532; x_wconf 84' lang='lat' dir='ltr'><strong>praelii,</strong></span> 
     </span>
     <span class='ocr_line' id='line_1_4' title="bbox 442 535 1821 615; baseline 0.002 -23"><span class='ocrx_word' id='word_1_7' title='bbox 442 535 773 612; x_wconf 86' lang='lat' dir='ltr'><strong>Pisamque</strong></span> <span class='ocrx_word' id='word_1_8' title='bbox 821 537 1087 612; x_wconf 77' lang='lat' dir='ltr'><strong>capiunt,</strong></span> <span class='ocrx_word' id='word_1_9' title='bbox 1129 546 1189 595; x_wconf 92' lang='lat' dir='ltr'><strong>et</strong></span> <span class='ocrx_word' id='word_1_10' title='bbox 1231 540 1577 615; x_wconf 90' lang='lat' dir='ltr'><strong>relinquunt</strong></span> <span class='ocrx_word' id='word_1_11' title='bbox 1617 539 1821 598; x_wconf 92' lang='lat' dir='ltr'><strong>omnia</strong></span> 
     </span>
    </p>

    <p class='ocr_par' dir='ltr' id='par_1_4' title="bbox 292 621 1859 1039">
     <span class='ocr_line' id='line_1_5' title="bbox 292 621 1817 699; baseline 0.002 -21"><span class='ocrx_word' id='word_1_12' title='bbox 292 625 426 678; x_wconf 83' lang='lat'>1360</span> <span class='ocrx_word' id='word_1_13' title='bbox 443 621 745 679; x_wconf 81' lang='lat' dir='ltr'><strong>Praedam</strong></span> <span class='ocrx_word' id='word_1_14' title='bbox 799 621 984 679; x_wconf 87' lang='lat' dir='ltr'><strong>duelli</strong></span> <span class='ocrx_word' id='word_1_15' title='bbox 1023 623 1253 699; x_wconf 80' lang='lat' dir='ltr'><strong>iugera,</strong></span> <span class='ocrx_word' id='word_1_16' title='bbox 1304 625 1553 683; x_wconf 88' lang='lat' dir='ltr'><strong>Umbris</strong></span> <span class='ocrx_word' id='word_1_17' title='bbox 1597 625 1817 682; x_wconf 90' lang='lat' dir='ltr'><strong>finibus</strong></span> 
     </span>
     <span class='ocr_line' id='line_1_6' title="bbox 439 706 1772 786; baseline 0.002 -24"><span class='ocrx_word' id='word_1_18' title='bbox 439 706 796 782; x_wconf 85' lang='lat' dir='ltr'><strong>Propinqua</strong></span> <span class='ocrx_word' id='word_1_19' title='bbox 845 715 904 763; x_wconf 94' lang='lat' dir='ltr'><strong>et</strong></span> <span class='ocrx_word' id='word_1_20' title='bbox 944 707 1191 783; x_wconf 91' lang='lat' dir='ltr'><strong>Alpium</strong></span> <span class='ocrx_word' id='word_1_21' title='bbox 1240 711 1466 786; x_wconf 86' lang='lat' dir='ltr'><strong>iugosis</strong></span> <span class='ocrx_word' id='word_1_22' title='bbox 1514 710 1772 767; x_wconf 81' lang='lat' dir='ltr'><strong>arcibus.</strong></span> 
     </span>
     <span class='ocr_line' id='line_1_7' title="bbox 440 791 1857 869; baseline 0.001 -22"><span class='ocrx_word' id='word_1_23' title='bbox 440 791 639 848; x_wconf 91' lang='lat' dir='ltr'><strong>Litem</strong></span> <span class='ocrx_word' id='word_1_24' title='bbox 682 810 997 865; x_wconf 89' lang='lat' dir='ltr'><strong>supremus</strong></span> <span class='ocrx_word' id='word_1_25' title='bbox 1040 794 1220 852; x_wconf 88' lang='lat' dir='ltr'><strong>torris</strong></span> <span class='ocrx_word' id='word_1_26' title='bbox 1269 796 1574 869; x_wconf 89' lang='lat' dir='ltr'><strong>antiquam</strong></span> <span class='ocrx_word' id='word_1_27' title='bbox 1616 794 1857 865; x_wconf 85' lang='lat' dir='ltr'><strong>excitat,</strong></span> 
     </span>
     <span class='ocr_line' id='line_1_8' title="bbox 445 876 1792 955; baseline 0 -20"><span class='ocrx_word' id='word_1_28' title='bbox 445 876 608 935; x_wconf 90' lang='lat' dir='ltr'><strong>Olim</strong></span> <span class='ocrx_word' id='word_1_29' title='bbox 654 876 929 951; x_wconf 89' lang='lat' dir='ltr'><strong>sepultos</strong></span> <span class='ocrx_word' id='word_1_30' title='bbox 976 876 1218 952; x_wconf 84' lang='lat' dir='ltr'><strong>ignibus</strong></span> <span class='ocrx_word' id='word_1_31' title='bbox 1262 880 1538 938; x_wconf 87' lang='lat' dir='ltr'><strong>animans</strong></span> <span class='ocrx_word' id='word_1_32' title='bbox 1581 897 1792 955; x_wconf 79' lang='lat' dir='ltr'><strong>rogos,</strong></span> 
     </span>
     <span class='ocr_line' id='line_1_9' title="bbox 440 960 1859 1039; baseline 0.001 -22"><span class='ocrx_word' id='word_1_33' title='bbox 440 960 774 1034; x_wconf 89' lang='lat' dir='ltr'><strong>Postquam</strong></span> <span class='ocrx_word' id='word_1_34' title='bbox 813 961 1107 1037; x_wconf 87' lang='lat' dir='ltr'><strong>Pelasgos</strong></span> <span class='ocrx_word' id='word_1_35' title='bbox 1148 964 1495 1022; x_wconf 85' lang='lat' dir='ltr'><strong>haurientes</strong></span> <span class='ocrx_word' id='word_1_36' title='bbox 1541 963 1859 1039; x_wconf 83' lang='lat' dir='ltr'><strong>Rhyndaci</strong></span> 
     </span>
    </p>

    <p class='ocr_par' dir='ltr' id='par_1_5' title="bbox 290 1044 2036 1464">
     <span class='ocr_line' id='line_1_10' title="bbox 290 1044 1755 1125; baseline -0.001 -20"><span class='ocrx_word' id='word_1_37' title='bbox 290 1052 422 1106; x_wconf 85' lang='lat'>1365</span> <span class='ocrx_word' id='word_1_38' title='bbox 444 1044 785 1121; x_wconf 83' lang='lat' dir='ltr'><strong>Conspexit</strong></span> <span class='ocrx_word' id='word_1_39' title='bbox 818 1047 985 1103; x_wconf 87' lang='lat' dir='ltr'><strong>urnis</strong></span> <span class='ocrx_word' id='word_1_40' title='bbox 1029 1047 1088 1104; x_wconf 88' lang='lat' dir='ltr'><strong>in</strong></span> <span class='ocrx_word' id='word_1_41' title='bbox 1135 1050 1470 1125; x_wconf 85' lang='lat' dir='ltr'><strong>peregrinis</strong></span> <span class='ocrx_word' id='word_1_42' title='bbox 1520 1068 1755 1123; x_wconf 89' lang='lat' dir='ltr'><strong>aquam.</strong></span> 
     </span>
     <span class='ocr_line' id='line_1_11' title="bbox 439 1130 1689 1206; baseline 0.002 -18"><span class='ocrx_word' id='word_1_43' title='bbox 439 1130 786 1206; x_wconf 87' lang='lat' dir='ltr'><strong>Lymphata</strong></span> <span class='ocrx_word' id='word_1_44' title='bbox 829 1139 891 1187; x_wconf 89' lang='lat' dir='ltr'><strong>at</strong></span> <span class='ocrx_word' id='word_1_45' title='bbox 934 1130 1041 1187; x_wconf 87' lang='lat' dir='ltr'><strong>illa</strong></span> <span class='ocrx_word' id='word_1_46' title='bbox 1088 1134 1355 1191; x_wconf 89' lang='lat' dir='ltr'><strong>efferatis</strong></span> <span class='ocrx_word' id='word_1_47' title='bbox 1402 1135 1689 1191; x_wconf 86' lang='lat' dir='ltr'><strong>aestubus</strong></span> 
     </span>
     <span class='ocr_line' id='line_1_12' title="bbox 440 1215 2036 1292; baseline 0 -19"><span class='ocrx_word' id='word_1_48' title='bbox 440 1215 832 1291; x_wconf 87' lang='lat' dir='ltr'><strong>Triplamque</strong></span> <span class='ocrx_word' id='word_1_49' title='bbox 874 1216 1384 1292; x_wconf 87' lang='lat' dir='ltr'><strong>quadruplamque</strong></span> <span class='ocrx_word' id='word_1_50' title='bbox 1427 1218 1749 1275; x_wconf 83' lang='lat' dir='ltr'><strong>vindictam</strong></span> <span class='ocrx_word' id='word_1_51' title='bbox 1793 1217 2036 1288; x_wconf 83' lang='lat' dir='ltr'><strong>inferet,</strong></span> 
     </span>
     <span class='ocr_line' id='line_1_13' title="bbox 439 1300 1838 1379; baseline 0.001 -23"><span class='ocrx_word' id='word_1_52' title='bbox 439 1301 677 1377; x_wconf 87' lang='lat' dir='ltr'><strong>Magnis</strong></span> <span class='ocrx_word' id='word_1_53' title='bbox 719 1300 909 1358; x_wconf 87' lang='lat' dir='ltr'><strong>ruinis</strong></span> <span class='ocrx_word' id='word_1_54' title='bbox 953 1301 1121 1359; x_wconf 89' lang='lat' dir='ltr'><strong>littus</strong></span> <span class='ocrx_word' id='word_1_55' title='bbox 1163 1303 1482 1361; x_wconf 87' lang='lat' dir='ltr'><strong>adversum</strong></span> <span class='ocrx_word' id='word_1_56' title='bbox 1521 1304 1838 1379; x_wconf 88' lang='lat' dir='ltr'><strong>impetens.</strong></span> 
     </span>
     <span class='ocr_line' id='line_1_14' title="bbox 404 1385 1714 1464; baseline 0.004 -22"><span class='ocrx_word' id='word_1_57' title='bbox 404 1385 770 1459; x_wconf 78' lang='lat' dir='ltr'><strong>,Aderitque</strong></span> <span class='ocrx_word' id='word_1_58' title='bbox 815 1386 1041 1460; x_wconf 88' lang='lat' dir='ltr'><strong>primus</strong></span> <span class='ocrx_word' id='word_1_59' title='bbox 1087 1388 1185 1445; x_wconf 89' lang='lat' dir='ltr'><strong>hic</strong></span> <span class='ocrx_word' id='word_1_60' title='bbox 1231 1388 1366 1446; x_wconf 87' lang='lat' dir='ltr'><strong>Iovi</strong></span> <span class='ocrx_word' id='word_1_61' title='bbox 1410 1388 1714 1464; x_wconf 86' lang='lat' dir='ltr'><strong>Lapersio</strong></span> 
     </span>
    </p>

    <p class='ocr_par' dir='ltr' id='par_1_6' title="bbox 288 1469 2038 1883">
     <span class='ocr_line' id='line_1_15' title="bbox 288 1469 1777 1549; baseline 0.006 -26"><span class='ocrx_word' id='word_1_62' title='bbox 288 1470 422 1524; x_wconf 85' lang='lat'>1370</span> <span class='ocrx_word' id='word_1_63' title='bbox 443 1469 956 1547; x_wconf 85' lang='lat' dir='ltr'><strong>Cognominisque</strong></span> <span class='ocrx_word' id='word_1_64' title='bbox 1008 1480 1066 1529; x_wconf 90' lang='lat' dir='ltr'><strong>et</strong></span> <span class='ocrx_word' id='word_1_65' title='bbox 1101 1472 1443 1549; x_wconf 84' lang='lat' dir='ltr'><strong>Fulguritor</strong></span> <span class='ocrx_word' id='word_1_66' title='bbox 1484 1473 1777 1549; x_wconf 82' lang='lat' dir='ltr'><strong>Iuppiter,</strong></span> 
     </span>
     <span class='ocr_line' id='line_1_16' title="bbox 440 1555 1928 1633; baseline 0.001 -20"><span class='ocrx_word' id='word_1_67' title='bbox 440 1555 612 1613; x_wconf 89' lang='lat' dir='ltr'><strong>Telis</strong></span> <span class='ocrx_word' id='word_1_68' title='bbox 654 1556 920 1614; x_wconf 82' lang='lat' dir='ltr'><strong>trisulcis</strong></span> <span class='ocrx_word' id='word_1_69' title='bbox 963 1557 1233 1615; x_wconf 84' lang='lat' dir='ltr'><strong>hosticas</strong></span> <span class='ocrx_word' id='word_1_70' title='bbox 1274 1558 1647 1633; x_wconf 88' lang='lat' dir='ltr'><strong>flam[m]ans</strong></span> <span class='ocrx_word' id='word_1_71' title='bbox 1687 1560 1928 1617; x_wconf 83' lang='lat' dir='ltr'><strong>domos:</strong></span> 
     </span>
     <span class='ocr_line' id='line_1_17' title="bbox 438 1638 1967 1721; baseline 0.001 -24"><span class='ocrx_word' id='word_1_72' title='bbox 438 1638 694 1713; x_wconf 77' lang='lat' dir='ltr'><strong>Quicum</strong></span> <span class='ocrx_word' id='word_1_73' title='bbox 738 1641 877 1716; x_wconf 87' lang='lat' dir='ltr'><strong>ipsa</strong></span> <span class='ocrx_word' id='word_1_74' title='bbox 920 1642 1163 1714; x_wconf 80' lang='lat' dir='ltr'><strong>moriar,</strong></span> <span class='ocrx_word' id='word_1_75' title='bbox 1199 1642 1383 1717; x_wconf 88' lang='lat' dir='ltr'><strong>inque</strong></span> <span class='ocrx_word' id='word_1_76' title='bbox 1434 1645 1688 1702; x_wconf 89' lang='lat' dir='ltr'><strong>mortuis</strong></span> <span class='ocrx_word' id='word_1_77' title='bbox 1736 1660 1967 1721; x_wconf 84' lang='lat' dir='ltr'><strong>vagans</strong></span> 
     </span>
     <span class='ocr_line' id='line_1_18' title="bbox 439 1725 2038 1804; baseline 0.001 -21"><span class='ocrx_word' id='word_1_78' title='bbox 439 1725 614 1783; x_wconf 91' lang='lat' dir='ltr'><strong>Tunc</strong></span> <span class='ocrx_word' id='word_1_79' title='bbox 651 1726 891 1783; x_wconf 86' lang='lat' dir='ltr'><strong>audiam</strong></span> <span class='ocrx_word' id='word_1_80' title='bbox 931 1725 1057 1782; x_wconf 86' lang='lat' dir='ltr'><strong>illic</strong></span> <span class='ocrx_word' id='word_1_81' title='bbox 1097 1727 1224 1799; x_wconf 79' lang='lat' dir='ltr'><strong>illa,</strong></span> <span class='ocrx_word' id='word_1_82' title='bbox 1272 1746 1425 1801; x_wconf 88' lang='lat' dir='ltr'><strong>quae</strong></span> <span class='ocrx_word' id='word_1_83' title='bbox 1467 1736 1612 1804; x_wconf 87' lang='lat' dir='ltr'><strong>post</strong></span> <span class='ocrx_word' id='word_1_84' title='bbox 1662 1728 1932 1804; x_wconf 89' lang='lat' dir='ltr'><strong>eloquar.</strong></span> <span class='ocrx_word' id='word_1_85' title='bbox 2032 1787 2038 1794; x_wconf 9' lang='lat' dir='ltr'>x</span> 
     </span>
     <span class='ocr_line' id='line_1_19' title="bbox 441 1809 1582 1883; baseline 0 -13"><span class='ocrx_word' id='word_1_86' title='bbox 441 1809 564 1870; x_wconf 89' lang='lat' dir='ltr'><strong>Sed</strong></span> <span class='ocrx_word' id='word_1_87' title='bbox 612 1818 671 1866; x_wconf 89' lang='lat' dir='ltr'><strong>et</strong></span> <span class='ocrx_word' id='word_1_88' title='bbox 711 1810 1034 1883; x_wconf 78' lang='lat' dir='ltr'><strong>secundus,</strong></span> <span class='ocrx_word' id='word_1_89' title='bbox 1073 1811 1376 1870; x_wconf 88' lang='lat' dir='ltr'><strong>interemti</strong></span> <span class='ocrx_word' id='word_1_90' title='bbox 1419 1813 1582 1870; x_wconf 89' lang='lat' dir='ltr'><strong>filius</strong></span> 
     </span>
    </p>

    <p class='ocr_par' dir='ltr' id='par_1_7' title="bbox 289 1896 1836 2312">
     <span class='ocr_line' id='line_1_20' title="bbox 289 1896 1619 1971; baseline 0.002 -19"><span class='ocrx_word' id='word_1_91' title='bbox 289 1900 422 1954; x_wconf 87' lang='grc'>1375</span> <span class='ocrx_word' id='word_1_92' title='bbox 441 1896 513 1952; x_wconf 96' lang='lat' dir='ltr'><strong>In</strong></span> <span class='ocrx_word' id='word_1_93' title='bbox 560 1903 687 1953; x_wconf 92' lang='lat' dir='ltr'><strong>rete</strong></span> <span class='ocrx_word' id='word_1_94' title='bbox 732 1896 881 1952; x_wconf 92' lang='lat' dir='ltr'><strong>muti</strong></span> <span class='ocrx_word' id='word_1_95' title='bbox 917 1896 1104 1971; x_wconf 88' lang='lat' dir='ltr'><strong>piscis</strong></span> <span class='ocrx_word' id='word_1_96' title='bbox 1152 1897 1369 1953; x_wconf 90' lang='lat' dir='ltr'><strong>immiti</strong></span> <span class='ocrx_word' id='word_1_97' title='bbox 1414 1899 1619 1969; x_wconf 84' lang='lat' dir='ltr'><strong>mod0‚</strong></span> 
     </span>
     <span class='ocr_line' id='line_1_21' title="bbox 442 1980 1774 2056; baseline 0.002 -20"><span class='ocrx_word' id='word_1_98' title='bbox 442 1980 696 2036; x_wconf 84' lang='lat' dir='ltr'><strong>Terram</strong></span> <span class='ocrx_word' id='word_1_99' title='bbox 738 1981 1025 2037; x_wconf 89' lang='lat' dir='ltr'><strong>cremabit</strong></span> <span class='ocrx_word' id='word_1_100' title='bbox 1066 1982 1370 2056; x_wconf 88' lang='lat' dir='ltr'><strong>hospitem</strong></span> <span class='ocrx_word' id='word_1_101' title='bbox 1411 1983 1633 2040; x_wconf 89' lang='lat' dir='ltr'><strong>Medici</strong></span> <span class='ocrx_word' id='word_1_102' title='bbox 1678 1983 1774 2040; x_wconf 89' lang='lat' dir='ltr'><strong>dei</strong></span> 
     </span>
     <span class='ocr_line' id='line_1_22' title="bbox 443 2064 1638 2143; baseline 0 -18"><span class='ocrx_word' id='word_1_103' title='bbox 443 2064 723 2125; x_wconf 90' lang='lat' dir='ltr'><strong>Oraculis</strong></span> <span class='ocrx_word' id='word_1_104' title='bbox 765 2083 897 2122; x_wconf 92' lang='lat' dir='ltr'><strong>cum</strong></span> <span class='ocrx_word' id='word_1_105' title='bbox 939 2065 1303 2143; x_wconf 88' lang='lat' dir='ltr'><strong>multilingui</strong></span> <span class='ocrx_word' id='word_1_106' title='bbox 1345 2068 1638 2125; x_wconf 85' lang='lat' dir='ltr'><strong>exercitu.</strong></span> 
     </span>
     <span class='ocr_line' id='line_1_23' title="bbox 440 2150 1536 2226; baseline 0.002 -18"><span class='ocrx_word' id='word_1_107' title='bbox 440 2153 522 2208; x_wconf 85' lang='lat' dir='ltr'><strong>At</strong></span> <span class='ocrx_word' id='word_1_108' title='bbox 566 2168 707 2226; x_wconf 88' lang='lat' dir='ltr'><strong>rege</strong></span> <span class='ocrx_word' id='word_1_109' title='bbox 752 2150 1046 2226; x_wconf 86' lang='lat' dir='ltr'><strong>lignatore</strong></span> <span class='ocrx_word' id='word_1_110' title='bbox 1090 2152 1302 2209; x_wconf 89' lang='lat' dir='ltr'><strong>tertius</strong></span> <span class='ocrx_word' id='word_1_111' title='bbox 1344 2161 1536 2225; x_wconf 86' lang='lat' dir='ltr'><strong>satus,</strong></span> 
     </span>
     <span class='ocr_line' id='line_1_24' title="bbox 437 2234 1836 2312; baseline 0.002 -20"><span class='ocrx_word' id='word_1_112' title='bbox 437 2234 714 2311; x_wconf 87' lang='lat' dir='ltr'><strong>Figulam</strong></span> <span class='ocrx_word' id='word_1_113' title='bbox 752 2242 1026 2292; x_wconf 88' lang='lat' dir='ltr'><strong>recenter</strong></span> <span class='ocrx_word' id='word_1_114' title='bbox 1067 2236 1363 2312; x_wconf 84' lang='lat' dir='ltr'><strong>virginem</strong></span> <span class='ocrx_word' id='word_1_115' title='bbox 1400 2237 1836 2299; x_wconf 88' lang='lat' dir='ltr'><strong>Branchesiam</strong></span> 
     </span>
    </p>

    <p class='ocr_par' dir='ltr' id='par_1_8' title="bbox 289 2319 1823 2720">
     <span class='ocr_line' id='line_1_25' title="bbox 289 2319 1784 2381; baseline 0.002 -3"><span class='ocrx_word' id='word_1_116' title='bbox 289 2325 422 2378; x_wconf 88' lang='grc'>1380</span> <span class='ocrx_word' id='word_1_117' title='bbox 443 2319 700 2379; x_wconf 86' lang='lat' dir='ltr'><strong>Glebam</strong></span> <span class='ocrx_word' id='word_1_118' title='bbox 742 2320 1001 2378; x_wconf 88' lang='lat' dir='ltr'><strong>solutam</strong></span> <span class='ocrx_word' id='word_1_119' title='bbox 1042 2321 1287 2379; x_wconf 91' lang='lat' dir='ltr'><strong>flumine</strong></span> <span class='ocrx_word' id='word_1_120' title='bbox 1329 2322 1620 2381; x_wconf 86' lang='lat' dir='ltr'><strong>inducens</strong></span> <span class='ocrx_word' id='word_1_121' title='bbox 1666 2324 1784 2381; x_wconf 89' lang='lat' dir='ltr'><strong>sibi</strong></span> 
     </span>
     <span class='ocr_line' id='line_1_26' title="bbox 440 2406 1744 2484; baseline 0.002 -21"><span class='ocrx_word' id='word_1_122' title='bbox 440 2406 757 2463; x_wconf 89' lang='lat' dir='ltr'><strong>Terrestre</strong></span> <span class='ocrx_word' id='word_1_123' title='bbox 803 2425 994 2482; x_wconf 84' lang='lat' dir='ltr'><strong>egeno</strong></span> <span class='ocrx_word' id='word_1_124' title='bbox 1039 2426 1258 2465; x_wconf 89' lang='lat' dir='ltr'><strong>munus</strong></span> <span class='ocrx_word' id='word_1_125' title='bbox 1306 2409 1538 2484; x_wconf 89' lang='lat' dir='ltr'><strong>optanti</strong></span> <span class='ocrx_word' id='word_1_126' title='bbox 1580 2408 1744 2480; x_wconf 80' lang='lat' dir='ltr'><strong>dare,</strong></span> 
     </span>
     <span class='ocr_line' id='line_1_27' title="bbox 437 2489 1715 2567; baseline 0.001 -19"><span class='ocrx_word' id='word_1_127' title='bbox 437 2492 626 2549; x_wconf 88' lang='lat' dir='ltr'><strong>Libro</strong></span> <span class='ocrx_word' id='word_1_128' title='bbox 674 2489 938 2567; x_wconf 88' lang='lat' dir='ltr'><strong>sigillum</strong></span> <span class='ocrx_word' id='word_1_129' title='bbox 983 2492 1144 2565; x_wconf 89' lang='lat' dir='ltr'><strong>quod</strong></span> <span class='ocrx_word' id='word_1_130' title='bbox 1187 2492 1407 2550; x_wconf 87' lang='lat' dir='ltr'><strong>fuisset</strong></span> <span class='ocrx_word' id='word_1_131' title='bbox 1452 2493 1715 2564; x_wconf 77' lang='lat' dir='ltr'><strong>conduli‚</strong></span> 
     </span>
     <span class='ocr_line' id='line_1_28' title="bbox 438 2576 1823 2654; baseline 0 -22"><span class='ocrx_word' id='word_1_132' title='bbox 438 2578 733 2633; x_wconf 91' lang='lat' dir='ltr'><strong>Montana</strong></span> <span class='ocrx_word' id='word_1_133' title='bbox 773 2576 1087 2633; x_wconf 90' lang='lat' dir='ltr'><strong>Phthirum</strong></span> <span class='ocrx_word' id='word_1_134' title='bbox 1132 2596 1322 2654; x_wconf 88' lang='lat' dir='ltr'><strong>regna</strong></span> <span class='ocrx_word' id='word_1_135' title='bbox 1365 2577 1529 2636; x_wconf 89' lang='lat' dir='ltr'><strong>solus</strong></span> <span class='ocrx_word' id='word_1_136' title='bbox 1579 2577 1823 2648; x_wconf 75' lang='lat' dir='ltr'><strong>incolet,</strong></span> 
     </span>
     <span class='ocr_line' id='line_1_29' title="bbox 439 2659 1797 2720; baseline 0.003 -4"><span class='ocrx_word' id='word_1_137' title='bbox 439 2659 714 2717; x_wconf 90' lang='lat' dir='ltr'><strong>Peditem</strong></span> <span class='ocrx_word' id='word_1_138' title='bbox 754 2662 1081 2719; x_wconf 84' lang='lat' dir='ltr'><strong>retundens</strong></span> <span class='ocrx_word' id='word_1_139' title='bbox 1129 2660 1287 2720; x_wconf 88' lang='lat' dir='ltr'><strong>Cara</strong></span> <span class='ocrx_word' id='word_1_140' title='bbox 1329 2664 1797 2720; x_wconf 88' lang='lat' dir='ltr'><strong>mercenarium:</strong></span> 
     </span>
    </p>

    <p class='ocr_par' dir='ltr' id='par_1_9' title="bbox 288 2746 1815 3163">
     <span class='ocr_line' id='line_1_30' title="bbox 288 2746 1697 2823; baseline -0.001 -17"><span class='ocrx_word' id='word_1_141' title='bbox 288 2753 421 2806; x_wconf 84' lang='lat'>1385</span> <span class='ocrx_word' id='word_1_142' title='bbox 441 2746 695 2803; x_wconf 86' lang='lat' dir='ltr'><strong>Petulca</strong></span> <span class='ocrx_word' id='word_1_143' title='bbox 740 2764 872 2802; x_wconf 91' lang='lat' dir='ltr'><strong>cum</strong></span> <span class='ocrx_word' id='word_1_144' title='bbox 914 2747 1169 2804; x_wconf 88' lang='lat' dir='ltr'><strong>nonaria</strong></span> <span class='ocrx_word' id='word_1_145' title='bbox 1210 2748 1450 2823; x_wconf 87' lang='lat' dir='ltr'><strong>eugium</strong></span> <span class='ocrx_word' id='word_1_146' title='bbox 1494 2756 1697 2804; x_wconf 87' lang='lat' dir='ltr'><strong>terens</strong></span> 
     </span>
     <span class='ocr_line' id='line_1_31' title="bbox 436 2830 1561 2907; baseline 0.002 -20"><span class='ocrx_word' id='word_1_147' title='bbox 436 2830 709 2888; x_wconf 88' lang='lat' dir='ltr'><strong>Nictabit</strong></span> <span class='ocrx_word' id='word_1_148' title='bbox 755 2831 900 2887; x_wconf 91' lang='lat' dir='ltr'><strong>olim</strong></span> <span class='ocrx_word' id='word_1_149' title='bbox 937 2833 1199 2907; x_wconf 81' lang='lat' dir='ltr'><strong>nuptias,</strong></span> <span class='ocrx_word' id='word_1_150' title='bbox 1244 2832 1561 2890; x_wconf 89' lang='lat' dir='ltr'><strong>catulliens</strong></span> 
     </span>
     <span class='ocr_line' id='line_1_32' title="bbox 439 2916 1686 2991; baseline -0.001 -17"><span class='ocrx_word' id='word_1_151' title='bbox 439 2916 631 2991; x_wconf 90' lang='lat' dir='ltr'><strong>Turpi</strong></span> <span class='ocrx_word' id='word_1_152' title='bbox 671 2916 963 2973; x_wconf 88' lang='lat' dir='ltr'><strong>suburrae</strong></span> <span class='ocrx_word' id='word_1_153' title='bbox 1007 2918 1397 2975; x_wconf 89' lang='lat' dir='ltr'><strong>barbarorum</strong></span> <span class='ocrx_word' id='word_1_154' title='bbox 1441 2919 1686 2976; x_wconf 88' lang='lat' dir='ltr'><strong>nubere.</strong></span> 
     </span>
     <span class='ocr_line' id='line_1_33' title="bbox 440 3000 1815 3079; baseline -0.001 -22"><span class='ocrx_word' id='word_1_155' title='bbox 440 3000 651 3074; x_wconf 79' lang='lat' dir='ltr'><strong>Quarti</strong></span> <span class='ocrx_word' id='word_1_156' title='bbox 695 3000 1017 3076; x_wconf 84' lang='lat' dir='ltr'><strong>Dymantis</strong></span> <span class='ocrx_word' id='word_1_157' title='bbox 1061 3004 1356 3079; x_wconf 85' lang='lat' dir='ltr'><strong>sanguine</strong></span> <span class='ocrx_word' id='word_1_158' title='bbox 1402 3022 1439 3058; x_wconf 92' lang='lat' dir='ltr'><strong>a</strong></span> <span class='ocrx_word' id='word_1_159' title='bbox 1479 3001 1815 3071; x_wconf 84' lang='lat' dir='ltr'><strong>veterrimo,</strong></span> 
     </span>
     <span class='ocr_line' id='line_1_34' title="bbox 438 3085 1773 3163; baseline -0.001 -19"><span class='ocrx_word' id='word_1_160' title='bbox 438 3086 898 3160; x_wconf 79' lang='lat' dir='ltr'><strong>Lacmoniique‚</strong></span> <span class='ocrx_word' id='word_1_161' title='bbox 937 3095 1060 3143; x_wconf 90' lang='lat' dir='ltr'><strong>tum</strong></span> <span class='ocrx_word' id='word_1_162' title='bbox 1107 3086 1406 3163; x_wconf 78' lang='lat' dir='ltr'><strong>Cytinaei,</strong></span> <span class='ocrx_word' id='word_1_163' title='bbox 1448 3095 1507 3143; x_wconf 93' lang='lat' dir='ltr'><strong>et</strong></span> <span class='ocrx_word' id='word_1_164' title='bbox 1558 3085 1773 3144; x_wconf 85' lang='lat' dir='ltr'><strong>Codri:</strong></span> 
     </span>
    </p>
   </div>
   <div class='ocr_carea' id='block_1_4' title="bbox 187 3166 2068 3248">
    <p class='ocr_par' dir='ltr' id='par_1_10' title="bbox 187 3166 2068 3248">
     <span class='ocr_line' id='line_1_35' title="bbox 187 3166 2068 3248; baseline -0.001 -16"><span class='ocrx_word' id='word_1_165' title='bbox 187 3170 191 3174; x_wconf 47' lang='lat'><strong>⁴</strong></span> <span class='ocrx_word' id='word_1_166' title='bbox 288 3178 421 3232; x_wconf 83' lang='grc'>1390</span> <span class='ocrx_word' id='word_1_167' title='bbox 442 3169 559 3243; x_wconf 81' lang='lat' dir='ltr'><strong>Qui</strong></span> <span class='ocrx_word' id='word_1_168' title='bbox 603 3171 935 3248; x_wconf 85' lang='lat' dir='ltr'><strong>Thingrum</strong></span> <span class='ocrx_word' id='word_1_169' title='bbox 979 3173 1286 3230; x_wconf 89' lang='lat' dir='ltr'><strong>habebunt</strong></span> <span class='ocrx_word' id='word_1_170' title='bbox 1324 3181 1384 3229; x_wconf 90' lang='lat' dir='ltr'><strong>et</strong></span> <span class='ocrx_word' id='word_1_171' title='bbox 1428 3166 1714 3229; x_wconf 82' lang='lat' dir='ltr'><strong>cacumen</strong></span> <span class='ocrx_word' id='word_1_172' title='bbox 1764 3169 2068 3247; x_wconf 76' lang='lat' dir='ltr'><strong>Samium,</strong></span> 
     </span>
    </p>
   </div>
   <div class='ocr_carea' id='block_1_5' title="bbox 441 3256 1889 3585">
    <p class='ocr_par' dir='ltr' id='par_1_11' title="bbox 441 3256 1889 3585">
     <span class='ocr_line' id='line_1_36' title="bbox 441 3256 1780 3333; baseline 0.001 -21"><span class='ocrx_word' id='word_1_173' title='bbox 441 3256 521 3312; x_wconf 90' lang='lat' dir='ltr'><strong>Et</strong></span> <span class='ocrx_word' id='word_1_174' title='bbox 564 3257 959 3332; x_wconf 87' lang='lat' dir='ltr'><strong>marginalem</strong></span> <span class='ocrx_word' id='word_1_175' title='bbox 1004 3257 1243 3333; x_wconf 87' lang='lat' dir='ltr'><strong>pristini</strong></span> <span class='ocrx_word' id='word_1_176' title='bbox 1289 3258 1672 3333; x_wconf 88' lang='lat' dir='ltr'><strong>peninsulam</strong></span> <span class='ocrx_word' id='word_1_177' title='bbox 1775 3266 1780 3273; x_wconf 84' lang='lat'><em>&#39;</em></span> 
     </span>
     <span class='ocr_line' id='line_1_37' title="bbox 441 3340 1889 3418; baseline 0.001 -21"><span class='ocrx_word' id='word_1_178' title='bbox 441 3340 795 3416; x_wconf 88' lang='lat' dir='ltr'><strong>Empandae</strong></span> <span class='ocrx_word' id='word_1_179' title='bbox 839 3342 1083 3399; x_wconf 87' lang='lat' dir='ltr'><strong>Educae</strong></span> <span class='ocrx_word' id='word_1_180' title='bbox 1124 3342 1445 3418; x_wconf 90' lang='lat' dir='ltr'><strong>plurimum</strong></span> <span class='ocrx_word' id='word_1_181' title='bbox 1488 3343 1670 3400; x_wconf 84' lang='lat' dir='ltr'><strong>invisi</strong></span> <span class='ocrx_word' id='word_1_182' title='bbox 1719 3340 1889 3411; x_wconf 84' lang='lat' dir='ltr'><strong>deae,</strong></span> 
     </span>
     <span class='ocr_line' id='line_1_38' title="bbox 443 3426 1717 3503; baseline -0.001 -20"><span class='ocrx_word' id='word_1_183' title='bbox 443 3426 644 3484; x_wconf 90' lang='lat' dir='ltr'><strong>Patris</strong></span> <span class='ocrx_word' id='word_1_184' title='bbox 687 3427 923 3484; x_wconf 87' lang='lat' dir='ltr'><strong>virosae</strong></span> <span class='ocrx_word' id='word_1_185' title='bbox 964 3426 1350 3485; x_wconf 89' lang='lat' dir='ltr'><strong>multiformis</strong></span> <span class='ocrx_word' id='word_1_186' title='bbox 1396 3427 1717 3503; x_wconf 78' lang='lat' dir='ltr'><strong>scraptiae‚</strong></span> 
     </span>
     <span class='ocr_line' id='line_1_39' title="bbox 446 3509 1535 3585; baseline 0.002 -17"><span class='ocrx_word' id='word_1_187' title='bbox 446 3509 817 3583; x_wconf 82' lang='lat' dir='ltr'><strong>Quotidiano</strong></span> <span class='ocrx_word' id='word_1_188' title='bbox 861 3531 1015 3585; x_wconf 80' lang='lat' dir='ltr'><strong>quae</strong></span> <span class='ocrx_word' id='word_1_189' title='bbox 1059 3513 1327 3570; x_wconf 88' lang='lat' dir='ltr'><strong>libidinis</strong></span> <span class='ocrx_word' id='word_1_190' title='bbox 1367 3512 1535 3570; x_wconf 83' lang='lat' dir='ltr'><strong>lucro</strong></span> 
     </span>
    </p>
   </div>
  </div>
 </body>
</html>
