2452 4186
1230 324 1350 384 178

467 492 724 575 ἄγγελος
777 491 846 554 ἐκ
888 489 1173 572 Σαρδοῦς
1209 487 1424 552 οἴκαδε
1464 486 1852 570 νισσομένου.

390 663 599 738 11,69.
647 658 975 723 Αὖσονίοιο
1023 658 1288 742 θεάτρου
1333 657 1421 720 ἐνὶ
1460 656 1811 741 θρεφθεῖσα
1854 660 2143 740 κυνηγοῖς

469 746 646 829 ἀγρίη
697 744 759 806 ἐν
798 743 1106 828 δρυόχοις,
1149 743 1300 827 ἠπίη
1351 743 1413 805 ἐν
1457 743 1747 827 μεγάροις

381 831 574 912 Λυδίη
624 829 891 912 ἐκλήθην
937 827 1179 913 Δέξτρῳ
1222 834 1312 913 τῷ
1353 830 1598 911 κτήτορι
1632 827 1834 907 πιστὴ,

471 914 633 982 ὅστις
669 911 740 976 ἄν
787 913 860 977 οὐ
906 915 1026 996 πρὸ
1071 911 1237 996 ἐμεῖ’
1284 913 1416 975 εἷλε
1454 914 1557 975 τὸν
1591 908 1937 994 Ἠριγόνης,

384 997 522 1065 οὐδ’
570 998 638 1065 ὃς
681 997 801 1060 ἀπὸ
850 1001 1091 1081 σκιερῆς
1136 997 1359 1081 Δίκτης
1403 996 1501 1058 ἐπὶ
1548 1019 1691 1080 φωσ
1743 994 1888 1078 όρον
1929 991 2064 1057 Ἠὼ

470 1081 811 1165 ἑσπόμενος
854 1077 1133 1166 Κεφάλῳ
1176 1081 1440 1166 οὐρανὸν
1489 1079 1695 1143 εἰσανέ
1739 1102 1799 1162 η.

387 1168 459 1232 οὔ
510 1165 741 1250 μακρός
793 1188 868 1247 με
917 1167 1067 1250 βίος,
1110 1167 1214 1229 καὶ
1253 1167 1514 1251 ἀχρήϊος
1552 1162 1804 1248 ἔσβεσεν
1850 1164 2028 1239 αἰὼν,

473 1251 604 1319 οἷος
648 1253 681 1314 ὃ
728 1249 964 1333 πότμος
1004 1250 1122 1336 ἔφυ
1170 1251 1530 1335 Δουλιχίοιο
1571 1246 1771 1316 κυνός.

391 1334 673 1422 ἀφριόων
717 1337 969 1419 χλοῦνις
1011 1357 1195 1420 κρυερ
1223 1340 1255 1353 “
1297 1336 1362 1419 μ’
1407 1335 1756 1417 ἐδάμασσεν
1805 1330 2010 1394 ὀδόντι

472 1424 561 1504 τῷ
600 1415 1051 1504 Ἐρυμανθείῳ,
1090 1425 1179 1503 τῷ
1202 1361 1602 1485 ι,ἷζιιλυδιῖινος
1642 1415 1791 1484 ἴσος.

390 1505 534 1571 οὐδ’
574 1505 894 1588 ἀκάχημαι
935 1504 1098 1566 ἰοῦσ’
1148 1504 1268 1566 ὑπὸ
1310 1505 1420 1586 τὴν
1461 1501 1664 1583 Στύγα
1707 1500 1927 1585 καίπερ
1976 1498 2155 1582 ἀωρί.

475 1588 547 1652 οὐ
588 1588 703 1672 γὰρ
748 1589 1016 1650 καλλίων
1060 1586 1134 1670 ἦν
1174 1586 1364 1671 μόρος
1406 1588 1616 1654 εὐκτὸς
1660 1586 1819 1668 ἐμοί.

397 1761 491 1832 13,
512 1760 613 1820 52.
643 1760 713 1838 νῆ
724 1779 872 1819 σσαν
889 1756 1038 1839 ὅλην
1054 1751 1354 1839 παράθες,
1367 1756 1468 1819 τὸν
1483 1756 1526 1818 δ’
1544 1754 1782 1839 αὐχένα
1795 1753 2079 1837 νόστιμος
2091 1752 2222 1815 ἐστὶ

645 1842 750 1904 καὶ
793 1841 869 1903 τὰ
914 1839 1151 1924 στέρνα.
1195 1841 1271 1903 τὰ
1311 1840 1364 1903 δ’
1396 1839 1472 1903 αὖ
1519 1839 1705 1903 λοιπὰ
1745 1841 2034 1923 μάγειρος
2057 1835 2219 1923 ἔχοι.

397 1920 679 2007 14,75.ἠ
721 1924 1053 2009 Φιλομήλα
1098 1924 1244 2008 ἄγος
1284 1922 1529 2009 Τηρῆος
1572 1923 1878 2012 ὀδόρεται,
1921 1926 1961 2008 ἥ
2008 1945 2075 1986 τε

647 2007 910 2093 πρόσθεν
955 2010 1120 2071 ἐοῦσ’
1180 2010 1397 2084 ἄνεως,
1450 2008 1660 2092 ὄρνεον
1709 2010 1833 2072 ἐστὶ
1879 2010 2090 2071 λάλον.

400 2100 493 2172 14,
515 2099 616 2159 73.
646 2095 929 2178 ψίττακος
957 2093 1195 2178 οὔνομα
1213 2101 1333 2158 τῶν
1357 2093 1562 2158 ἄλλων
1591 2095 1761 2178 παρὰ
1778 2100 1905 2158 σεῖο
1936 2093 2219 2177 μάθοιμι.

651 2178 996 2262 αὐτόματος
1039 2176 1284 2264 Καῖσαρ
1377 2183 1511 2263 αἶρε
1557 2176 1754 2261 λέγειν
1804 2180 2015 2263 ἐδάην.

400 2269 496 2341 13,
517 2268 617 2327 74.
649 2262 809 2346 ὄρνις
852 2261 1055 2326 ἔσωσε
1097 2268 1254 2328 νεὼν
1354 2265 1610 2349 αρπήϊον
1655 2266 1791 2348 ἥδε.
1837 2264 1898 2326 τί
1935 2265 2183 2347 θαῦμας

648 2349 720 2411 οὐ
760 2348 875 2433 γὰρ
922 2349 1268 2433 ἐγηγερκὼς
1317 2349 1390 2433 ἧν
1440 2347 1598 2418 Θεὸς
1645 2348 1828 2412 αὐτὸν
1874 2346 1983 2412 ἔτι.

403 2439 498 2510 13,
520 2439 622 2498 58.
648 2435 859 2518 χηνὸς,
881 2433 1018 2516 ὅρα,
1045 2435 1318 2516 μεγάλου
1342 2439 1473 2501 πῶς
1500 2437 1706 2517 μεῖζον
1736 2433 2007 2517 ἀείρεται
2028 2433 2220 2518 ἧπαρ.

650 2518 986 2600 θαυμάζων
1037 2520 1274 2603 φήσεις,
1314 2524 1434 2582 ποῦ’
1475 2517 1604 2581 τόδ’
1651 2518 2056 2601 ἐπηυξάνετος

404 2607 620 2680 13,61.
652 2603 712 2665 ἐν
763 2602 1087 2686 δρνιθείοις
1135 2605 1553 2686 νοστιμωτάτη
1600 2605 1817 2688 χυλοῖς

650 2693 770 2750 τῶν
821 2687 1171 2770 ἁτταγήνων
1218 2685 1344 2750 ἔστ’
1379 2687 1668 2751 Ἰωνικῶν
1714 2692 1937 2766 γεῦσις.

406 2776 501 2847 13,
523 2775 624 2834 45.
656 2773 710 2834 εἰ
749 2771 925 2853 γαίης
958 2772 1187 2856 Λιβύης
1228 2773 1331 2834 καὶ
1375 2772 1649 2840 Φάσιδος
1696 2769 1945 2855 εἴχομεν
2005 2770 2225 2856 ὄρνεις,

655 2853 915 2941 ἔλλαβες
962 2855 1054 2918 ἄν.
1102 2861 1204 2917 νῦν
1251 2855 1304 2917 δ’
1340 2854 1424 2940 ,αὖ
1478 2857 1616 2926 δέξο
1661 2857 2054 2924 κατοικιδίας.

406 2945 502 3015 13,
523 2944 622 3003 62.
654 2939 804 3023 οἴκῳ
849 2939 911 3001 ἐν
960 2940 1237 3024 ὀρφναίῳ
1278 2942 1560 3011 σιτίζεται
1601 2939 1762 3025 ὄρνις
1807 2941 2055 3027 ἀλεύρῳ

652 3025 809 3108 ἡδέϊ.
856 3027 915 3086 λι
960 3025 1124 3108 νείης
1170 3025 1274 3094 ὀξὺ
1325 3024 1599 3108 σόφισμα
1642 3024 1838 3090 πέλει.

409 3113 503 3186 13,
525 3113 624 3172 49.
657 3048 999 3196 βοσκομέη
1049 3111 1344 3193 γλυκερὸν
1394 3115 1576 3173 σῦκον
1621 3110 1723 3172 καὶ
1769 3108 2029 3195 βότρυας
2053 3110 2231 3194 ἡδεῖς

654 3194 812 3258 τίπτ’
852 3193 1031 3277 ὄνομ’
1061 3194 1133 3257 οὐ
1183 3197 1415 3278 μᾶλλον
1463 3196 1656 3258 δῶκεν
1703 3194 1735 3256 ὁ
1781 3192 1999 3278 βότρυς
2045 3196 2196 3279 ἐμοί
2209 3217 2227 3271 3

410 3283 504 3356 13,
527 3283 626 3344 64.
655 3279 914 3362 τηϋσίως
953 3278 1155 3363 ἀγόνῳ
1193 3279 1583 3343 ὑποπέπτωκ’
1629 3278 1791 3362 ὄρνις
1833 3278 2071 3364 ἀκοίτῃ.

658 3368 836 3427 τοῦτο
884 3365 1032 3431 θεᾶς
1075 3361 1363 3449 Κυβέλης
1406 3363 1618 3447 ὄρνεον
1666 3362 1821 3426 εἶναι
1860 3361 2009 3426 ἔδει.

409 3453 506 3525 13,
528 3452 627 3511 63.
657 3447 976 3556 ἀβληχρὰς
1017 3448 1301 3532 ἐπίορκος
1356 3448 1502 3517 ὀδὰξ
1555 3450 1620 3530 μ’
1682 3449 1911 3533 βλάπτε
1953 3451 2225 3530 πελειάς,

663 3554 830 3617 ειπερ
875 3532 1230 3601 ἐποπτεύεις
1270 3533 1371 3616 ἱρὰ
1408 3533 1558 3601 θεᾶς
1598 3472 1868 3617 ἓνιδίης.
