2452 4186
1217 319 1341 377 272

374 489 566 565 c(35)
926 484 1120 564 Λῆξον
1146 480 1351 567 Ἔρως
1389 484 1663 567 κραδίης.

371 572 487 633 Cor
530 573 729 632 solum
772 581 832 630 et
871 573 1036 631 iecur
1083 572 1376 649 excipias.
1416 573 1477 630 in
1523 581 1765 631 caetera
1805 574 2095 646 membra,

452 663 610 717 Acer
643 665 844 731 Amor,
889 658 944 717 si
983 658 1075 715 vis
1115 658 1352 715 mittere
1396 658 1539 750 tela,
1583 657 1744 716 licet.

374 828 404 894 ζ
431 823 572 906 (36)
1057 816 1309 890 Ἕλκος
1336 820 1485 906 ἔχω.

369 913 481 971 Est
527 912 674 969 mihi
715 911 931 970 vulnus
977 914 1185 968 Amor.
1245 911 1449 969 sanies
1495 911 1642 968 mihi
1680 920 1888 969 manat
1924 913 2001 970 ab
2047 913 2163 972 illo

454 998 755 1068 Lacrima,
804 996 1163 1053 inexhausto
1215 997 1397 1073 culpa
1430 997 1663 1071 liquore
1708 997 1928 1055 madet.

369 1082 702 1158 Respirare
742 1081 967 1138 malum
1007 1099 1121 1137 nec
1164 1099 1261 1159 me
1306 1081 1487 1139 sinit:
1528 1082 1663 1158 ipse
1706 1083 2007 1140 Machaon

455 1168 729 1225 Membra
773 1165 1088 1225 salutifera
1136 1185 1249 1223 nec
1290 1167 1437 1223 mihi
1479 1166 1703 1223 mulcet
1744 1186 1881 1242 ope.

370 1252 678 1329 Telephus
724 1270 863 1309 esse
910 1250 1069 1323 volo,
1112 1259 1176 1307 tu
1223 1252 1309 1309 sis
1353 1251 1498 1308 mihi
1541 1251 1697 1309 fidus
1741 1251 2034 1310 Achilles.

455 1335 980 1409 Curam„laesisti
1021 1353 1177 1410 quae
1219 1336 1412 1418 prius,
1457 1337 1593 1411 ipsa
1633 1336 1788 1394 leva.

372 1508 562 1583 [(37)
917 1497 1070 1562 Εἰπὲ
1112 1500 1223 1561 τίνι
1266 1499 1506 1569 πλέξεις
1549 1498 1655 1563 ἔτι.

367 1592 485 1650 Dic
532 1591 627 1647 cui
670 1589 1006 1665 dispositos
1047 1590 1346 1665 properes
1396 1608 1614 1646 orna-re
1658 1589 1966 1666 capillos?

453 1675 565 1734 Cui
611 1693 820 1732 curare
866 1692 1120 1750 ungues,
1166 1674 1262 1730 cui
1313 1673 1572 1731 nitidare
1614 1676 1873 1733 manus?

370 1758 483 1819 cui
532 1760 678 1818 colis
725 1758 993 1816 excoctis
1037 1758 1337 1834 conchylii
1379 1758 1569 1834 pallia
1615 1759 1812 1817 succis

454 1845 660 1916 Ebria,
704 1844 976 1902 formosa
1016 1852 1136 1900 tam
1181 1844 1399 1920 procul
1438 1863 1475 1900 a
1518 1843 1853 1920 Rhodope?

369 1929 554 2004 Queis
603 1929 795 1989 oculis
841 1948 977 1986 mea
1019 1937 1077 1986 te
1121 1928 1413 2005 Rhodope
1454 1948 1576 1986 non
1627 1928 1955 2004 conspicor,
2001 1927 2130 1986 illis

450 2016 763 2092 Usurpare
808 2015 966 2071 diem
1013 2033 1138 2071 non
1185 2032 1299 2091 ego
1343 2032 1530 2088 posse
1571 2021 1806 2089 putem.⁴

372 2184 565 2260 ζ(38)
873 2176 998 2259 Τὴν
1054 2176 1286 2262 Νιόβην
1322 2179 1681 2241 κλαίουσαν.

366 2269 643 2328 Flentem
682 2267 832 2325 olim
878 2266 1128 2325 Nioben
1175 2266 1597 2343 contemplans
1644 2268 1801 2327 forte
1845 2268 2141 2327 bubulcus

456 2354 808 2429 Obstupuit,
858 2361 1064 2429 posset
1105 2352 1161 2410 si
1204 2352 1521 2410 lacrimare
1564 2353 1743 2411 silex.

371 2437 595 2498 Contra
634 2447 757 2495 tam
795 2438 1018 2515 longae
1065 2457 1366 2515 gemerem
1414 2437 1530 2511 quiv
1569 2438 1767 2497 noctis
1807 2438 1871 2495 in
1914 2439 2154 2510 umbra,

453 2525 727 2600 Euippae
770 2524 943 2581 vivus
990 2543 1106 2580 non
1148 2523 1307 2598 lapis
1356 2522 1635 2580 indoluit.

369 2610 501 2667 Hoc
543 2610 689 2666 facit
727 2627 867 2666 acer
909 2610 1116 2679 Amor,
1161 2627 1364 2665 curam
1411 2608 1670 2684 partitus
1714 2608 1978 2683 utrique:

452 2695 531 2751 Et
566 2692 805 2751 Niobae
853 2713 890 2750 a
936 2692 1118 2765 natis,
1166 2700 1226 2750 et
1272 2693 1418 2749 mihi
1465 2694 1541 2751 ab
1591 2694 1732 2769 igne
1770 2712 1927 2750 meo.

375 2862 567 2945 ;(39)
866 2856 1119 2942 Χρυσῆς
1164 2858 1500 2939 εἰρύσσασα
1543 2859 1703 2940 μίαν.

368 2952 631 3027 Legerat
669 2946 923 3005 aureolo
961 2946 1142 3005 Doris
1190 2946 1265 3004 de
1314 2946 1477 3006 crine
1516 2947 1820 3024 capillum,

455 3035 553 3093 Ex
597 3033 705 3091 illo
748 3032 983 3110 palmas
1028 3032 1222 3089 vinxit
1265 3041 1549 3106 utrasque
1596 3033 1762 3088 mihi.

370 3120 506 3178 Risi
552 3119 828 3193 equidem
867 3118 1082 3193 prim0.
1128 3118 1328 3176 nodos
1376 3118 1522 3174 mihi
1575 3116 1825 3175 Doridis
1870 3116 2008 3175 illos

453 3204 638 3262 Visus
686 3212 815 3261 erat
859 3202 1057 3261 facilis
1101 3203 1342 3261 solvere
1381 3221 1566 3278 posse
1611 3203 1804 3260 labor.

369 3292 513 3348 Mox
549 3289 770 3363 gemui,
804 3296 1127 3364 ⁹postquam
1165 3308 1290 3346 non
1330 3287 1463 3362 rupi
1502 3287 1764 3360 vincula,
1805 3296 2099 3361 tanquam

453 3376 639 3432 Artus
687 3374 1035 3433 strinxisset
1081 3374 1236 3431 dura.¹
1276 3381 1489 3430 catena
1532 3391 1720 3430 meos.

370 3460 450 3518 Et
484 3476 644 3515 nunc
684 3457 921 3522 infelix,
948 3478 1063 3515 uno
1108 3467 1284 3535 aptus
1323 3457 1510 3529 crine,
1555 3456 1818 3533 potentis

455 3544 721 3620 Imperio
766 3542 1093 3614 Dominae,
1138 3563 1257 3618 quo
1299 3542 1481 3600 trahit
1526 3541 1655 3615 illa,
1697 3560 1938 3616 sequor.
