2452 4186
1027 316 1147 376 147

186 476 382 544 Πόλλ’
434 478 555 543 οἶδ’
594 480 875 565 ἀλώπηξ,
918 482 1053 546 ἀλλ’
1112 483 1316 568 ἐχῖνος
1360 482 1424 546 ἓν
1474 481 1654 566 ’με’γα.

186 561 492 627 Πολλαῖσι
522 566 784 648 πληγαῖς
824 568 968 651 δρῦς
1003 567 1184 636 τέλος
1225 567 1581 650 δαμάζεται.

184 644 424 711 Πολλοί
465 671 533 712 σε
578 649 958 733 μισήσουσιν,
1001 653 1075 736 ἢν
1125 654 1348 716 σαυτὸν
1392 653 1594 735 φιλῇς.

186 731 418 797 Πολλοὶ
470 735 793 818 στρατηγοὶ
834 733 1070 821 Καρίαν
1113 738 1471 800 ἀπώλεσαν.

185 815 444 881 Πολλῶν
496 819 718 903 ἰατρῶν
765 817 1007 890 εἴσοδός
1047 822 1109 904 μ’
1156 822 1504 884 ἀπώλεσεν.

185 898 442 965 Πολλῶν
492 903 525 965 ὁ
572 904 751 987 λιμὸς
791 905 1018 987 γίνεται
1060 906 1446 974 διδάσκαλος.

186 982 350 1049 Πολὺ
391 985 606 1071 χεῖρόν
653 987 810 1051 ἐστιν
857 989 1133 1074 ἐρεθίσαι
1170 995 1384 1073 γραῦν,
1428 990 1466 1072 ἢ
1512 989 1684 1053 κύνα.

187 1065 791 1156 Πολυπραγμοσόνης
837 1074 997 1137 ἕνεκ’
1047 1077 1134 1143 εἰς
1169 1074 1449 1158 κεφαλὴν
1492 1072 1762 1158 τρέποιτ’
1812 1072 1976 1157 ἐμοί.

186 1152 369 1239 Πρινή
421 1177 492 1217 σε
537 1155 679 1223 τοὺς
726 1157 902 1240 ἰχθῦς
944 1159 1128 1235 ἑλεῖν,
1180 1158 1384 1241 ἅλμην
1428 1162 1635 1241 κυκᾷς.

188 1236 520 1324 Προβάτων
561 1239 677 1323 γὰρ
718 1242 898 1304 οὐδὲν
937 1241 974 1306 ὅ
1026 1246 1187 1317 ελος,
1219 1243 1294 1325 ἢν
1337 1243 1565 1325 ποιμὴν
1613 1242 1765 1325 ἀπῇ.

188 1321 524 1407 Προέλοιμι
569 1325 783 1388 δοῦναι
834 1332 922 1411 τῷ
965 1267 1279 1410 ’ῗελεγόρᾳ
1323 1327 1557 1409 μᾶλλον
1607 1324 1699 1388 ἄν.

188 1404 346 1491 Πρὸς
390 1410 698 1493 κάππαριν
751 1414 882 1494 ζῇς,
928 1412 1266 1494 δυνάμενος
1308 1411 1461 1492 πρὸς
1492 1409 1727 1472 ἀνθίαν.
1793 1469 1800 1475 .

188 1488 345 1575 Πρὸς
388 1494 597 1574 μάντιν
641 1494 844 1563 οὐδεὶς
894 1495 1158 1580 εὐτυχὴς
1199 1494 1556 1577 ἀπέρχεται.

187 1574 492 1661 Πρότερον
540 1579 787 1661 χελώνη
832 1581 1326 1664 παραδραμεῖται
1369 1576 1716 1642 δασύποδα.
1840 1600 1845 1607 ’

188 1661 431 1742 Πρῶτον
477 1663 814 1747 κολυμβᾷν,
858 1664 1143 1749 δεύτερον
1190 1664 1261 1726 δὲ
1306 1662 1654 1745 γράμματα.

189 1745 333 1828 Πῦρ,
378 1746 482 1808 καὶ
528 1746 837 1823 θάλασσα,
878 1750 980 1813 καὶ
1015 1749 1189 1831 γυνὴ,
1234 1745 1394 1810 κακὰ
1439 1745 1594 1828 τρία.

184 1827 386 1909 Ῥᾷστ’
430 1827 568 1892 ἔστ’
614 1830 900 1913 ἀγροίκου
952 1832 1205 1916 ’ήτορος
1247 1832 1673 1913 καταφρονεῖν.

186 1910 397 1976 Ῥόδον
438 1914 756 1996 παρελθὸν
802 1852 1014 1999 μηκὲτι
1059 1918 1224 2000 ζήτει
1266 1916 1467 1978 πάλιν.

190 1997 413 2066 Σαίνεις
456 1999 794 2075 δάκνουσα,
829 2001 933 2063 καὶ
972 1999 1136 2064 κύων
1184 1999 1499 2084 λήθαργος
1545 1997 1619 2061 εἶ.

191 2081 426 2165 Σαμίων
476 2083 513 2145 ὃ
563 2081 758 2167 δῆμός
799 2084 955 2147 ἐστιν
1002 2088 1088 2154 ὡς
1130 2085 1667 2168 πολυγράμματος.

191 2165 420 2251 Σαπρὸς
462 2167 718 2252 τάριχος
756 2168 862 2250 τὴν
909 2170 1187 2253 ὀρίγανον
1238 2172 1423 2253 φιλεῖ.
1505 2197 1509 2201 ·

192 2249 414 2335 Σαυτὴν
463 2252 753 2329 ἐπαινεῖς,
796 2255 1003 2337 ὥσπερ
1043 2254 1455 2338 Ἀστυδάμας,
1504 2251 1700 2332 γύναι.

194 2333 569 2421 Σαφέστερόν
614 2359 765 2412 πως,
809 2336 1271 2422 κᾴμαθέστερον
1315 2339 1572 2423 φράσον.

193 2417 423 2504 Σκύλλῃ
462 2420 827 2505 περιέπεσον
869 2422 976 2505 τὴν
1015 2420 1120 2486 Χά
1162 2424 1330 2508 υβδιν
1377 2422 1445 2484 ἐκ
1497 2422 1678 2502 υγών.

196 2502 435 2588 Σκώληξ
475 2507 812 2588 παράσιτος
854 2510 974 2569 τῶν
1000 2446 1290 2593 ’ἐχιξντων
1336 2506 1452 2568 οὐσ
1477 2526 1570 2567 αν.

195 2587 381 2673 Σοφοὶ
421 2590 708 2674 τύραννοι
743 2595 862 2654 τῶν
911 2588 1123 2676 σοφῶν
1172 2590 1482 2672 συνουσίᾳ.

194 2670 459 2754 Σπείρειν
502 2674 574 2736 δὲ
619 2675 801 2758 χειρὶ,
842 2676 925 2759 μὴ
968 2675 1036 2738 δ’
1092 2676 1221 2761 ὅλῳ
1253 2681 1356 2760 τῷ
1399 2673 1674 2756 θυλάκῳ.

193 2754 271 2819 Σὺ
318 2760 383 2822 δὲ
422 2761 820 2843 τιμιοπώλης,
867 2764 952 2828 ὡς
989 2760 1317 2848 Ἀχιλλεὺς
1364 2757 1512 2822 οὐδὲ
1554 2757 1656 2824 εἷς.

195 2837 272 2903 Σύ
321 2840 392 2926 μ’
432 2842 498 2905 ὗν
544 2843 820 2911 ἀπαιτεῖς
862 2844 991 2908 ἀντὶ
1029 2850 1135 2928 τῆς
1182 2848 1375 2929 κακῆς
1417 2841 1613 2912 κυνός.

194 2924 376 2989 Σῧκον
426 2925 567 3010 μέτ’
615 2928 813 3013 ἰχθὺν,
863 2927 1112 3013 ὄσπριον
1154 2930 1312 3011 μετὰ
1353 2928 1525 3013 κρέα.

194 3008 304 3072 Σὺν
348 3017 434 3096 τῷ
471 3012 550 3075 θε
574 3016 606 3030 ”
651 3016 768 3082 πᾶς
808 3013 910 3077 καὶ
962 3016 1114 3098 γελᾷ
1149 3013 1508 3101 κῴδόρεται.

193 3091 495 3177 Συνῆλθον
536 3036 830 3181 ’Χτταγᾶς
869 3121 935 3161 τε
978 3098 1080 3162 καὶ
1118 3097 1488 3182 Νουμηνίας.

194 3175 416 3261 Σχεδὸν
463 3185 761 3259 τοιοῦτον,
809 3182 995 3247 ὅσσον
1039 3183 1108 3245 ἐκ
1150 3184 1505 3247 Διονυσίων.

197 3257 284 3325 Τὰ
327 3264 378 3326 δ’
426 3265 555 3371 οὐχ
591 3266 701 3328 ὑπ’
745 3267 973 3345 ἄλλων,
1033 3268 1195 3331 ἀλλὰ
1234 3271 1359 3335 τοῖς
1401 3266 1601 3329 αὑτῶν
1646 3270 1911 3351 πτεροῖς.

196 3340 284 3407 Τὰ
320 3347 528 3432 θόματ
605 3351 808 3430 οὐδὲν,
851 3354 1007 3437 πλὴν
1054 3351 1262 3434 γένεια
1303 3352 1404 3414 καὶ
1444 3349 1646 3433 κέρας.

198 3423 284 3492 Τὰ
321 3435 634 3517 πράγμαθ’
678 3438 884 3521 ὥσπερ
929 3436 1189 3523 Αἴσιμος
1231 3435 1592 3500 κυλίνδεται.

200 3507 288 3575 Τὰ
324 3519 508 3601 πρῶτ’
558 3520 838 3604 ἀρίστους
881 3524 1108 3591 παῖδας
1148 3519 1347 3606 Αἴγιν’
1395 3517 1636 3604 ἔτρεφε.

1480 3617 1607 3679 10*
