2452 4186
1236 290 1315 349 26

449 457 677 516 Iudicio
721 466 921 515 tamen
971 466 1066 515 est
1108 459 1389 518 concolor
1428 458 1537 516 illa
1577 458 1705 516 tibi.

505 627 604 685 22.
693 630 770 685 In
817 629 1040 687 Tamum
1084 630 1351 704 operibus
1398 630 1588 685 triduo
1635 636 2046 702 oppuynatum.

1389 739 1411 769 Γ
1445 759 1458 771 ο

364 788 831 867 Quadrupedem
880 792 1017 851 dum
1071 724 1582 872 gatggeanpoopterum
1629 794 1689 850 vi
1724 793 2043 869 cingimus,
2082 793 2195 850 illa

451 873 764 936 Secretum
809 879 1005 937 caecis
1055 880 1312 938 callibus
1357 880 1481 956 egit
1519 878 1649 937 iter.

364 960 575 1018 Tertia
626 960 735 1019 lux
782 963 1000 1039 agitur,
1047 973 1375 1041 postquam
1420 963 1725 1021 molimine
1770 970 1934 1021 tanto

448 1046 761 1123 Inceptum
806 1047 1028 1106 frustra
1064 1050 1411 1107 ludificatur
1449 1067 1621 1124 opus.

367 1129 460 1189 Sit
505 1132 674 1189 vobis
719 1152 797 1188 ex
845 1134 1042 1205 hoste,
1093 1135 1225 1206 viri,
1275 1133 1523 1191 victoria
1566 1140 1761 1208 capto,

447 1216 610 1274 Dum
656 1216 736 1275 sit
779 1219 833 1274 ei
881 1238 912 1275 e
953 1219 1139 1277 lassis
1186 1218 1378 1296 gloria
1421 1226 1595 1293 parta
1635 1218 1801 1276 viris.

532 1386 632 1443 23.
718 1389 795 1444 In
842 1388 1162 1446 Atalantae
1204 1399 1260 1444 et
1299 1387 1691 1462 Hippomanis
1725 1385 2016 1460 fabulam.

362 1471 665 1528 Incertum
712 1472 807 1528 cui
851 1472 951 1529 det
994 1475 1267 1531 meritam
1309 1471 1583 1529 Victoria
1625 1470 1908 1545 palmam,

449 1554 611 1627 Quos
658 1556 858 1614 studio
903 1560 1122 1615 cursim
1168 1577 1342 1615 mens
1390 1556 1551 1632 rapit
1592 1575 1713 1612 una
1754 1554 1907 1631 pari.

365 1640 664 1698 Omnibus
710 1660 865 1699 unus
910 1661 1095 1714 amor,
1149 1642 1260 1700 sed
1295 1662 1418 1698 non
1463 1641 1640 1715 labor
1680 1641 1960 1698 omnibus
2006 1639 2193 1698 idem.

445 1724 566 1781 Hic
609 1725 834 1799 praeit3
874 1726 969 1783 hic
1012 1728 1304 1801 sequitur,
1352 1735 1411 1782 et
1457 1726 1624 1801 cupit
1666 1745 1805 1784 esse
1843 1723 2028 1803 prior.

365 1809 418 1866 O
455 1809 623 1886 virgo
666 1811 901 1882 infelix,
950 1831 1128 1886 quam
1180 1832 1297 1869 non
1345 1812 1538 1869 vicere
1581 1818 1666 1867 tot
1706 1813 1905 1871 unam!

446 1894 694 1967 Infelix,
746 1915 923 1970 quam
972 1898 1138 1956 fraus
1185 1897 1396 1954 vicerit
1438 1914 1561 1953 una
1602 1894 1741 1952 viri!

366 1977 432 2037 Si
476 1980 533 2036 vi
580 1981 849 2037 certatim
897 1989 955 2038 te
992 2001 1114 2040 non
1160 1982 1359 2039 vicere
1400 1989 1492 2040 tot
1530 1999 1745 2049 unam;

450 2063 565 2137 Qui
609 2067 803 2141 potuit
847 2066 978 2125 sine
1027 2068 1085 2125 vi
1133 2067 1394 2139 vincere,
1444 2064 1642 2142 qualis
1692 2063 1864 2123 erat?

903 2236 1001 2294 24.
1092 2237 1280 2294 Paulo
1320 2255 1358 2292 a
1402 2235 1647 2294 G'isbice.

362 2321 525 2396 Ergo
574 2319 700 2378 suis
741 2318 971 2379 Paulus
1013 2321 1199 2382 voluit
1237 2340 1333 2377 me
1372 2320 1571 2378 vivere
1614 2319 1860 2390 charti8‚

452 2402 701 2479 Quoque
748 2405 896 2462 mihi
942 2406 1105 2463 fama
1156 2414 1251 2464 est
1291 2406 1576 2476 carmine,
1624 2404 1747 2461 vita
1791 2404 1932 2460 data
1976 2409 2111 2466 est?

361 2490 620 2549 Debitor
668 2490 807 2547 huic
849 2509 963 2567 ego
1011 2510 1164 2549 sum.
1201 2490 1381 2548 Pauli
1426 2509 1558 2549 sum
1603 2509 1832 2565 pauper
1876 2489 1935 2546 in
1982 2513 2143 2551 aere.

448 2573 606 2646 Quid
650 2575 917 2632 faciam?
958 2585 1160 2653 gratas
1206 2578 1388 2635 Musa
1429 2574 1691 2652 repende
1733 2574 1916 2632 vices.

362 2661 499 2732 Illa,
536 2659 695 2732 Quid
738 2661 817 2717 ad
860 2669 1097 2721 veteres
1140 2683 1173 2719 ο
1218 2661 1399 2719 stulte
1439 2659 1764 2718 revolveris
1810 2669 1993 2734 arteS,

444 2748 643 2818 Atque
682 2745 824 2817 tuis,
871 2747 1086 2820 inquit,
1130 2747 1357 2804 viribus
1403 2746 1602 2822 impar
1645 2745 1848 2803 onus?

361 2828 558 2903 Quum
596 2830 706 2887 tibi
742 2840 1064 2888 vernarent
1104 2831 1402 2907 Zephyris
1447 2830 1817 2905 spirantibus
1863 2852 2064 2904 aurae,

444 2913 525 2971 Et
570 2914 719 2972 felix
766 2914 1028 2973 habilem
1074 2935 1230 2973 vena
1272 2918 1496 2993 rigaret
1540 2916 1804 2987 humum,

361 2999 557 3057 Poma
593 3001 768 3057 ferax
816 3002 970 3058 seris
1015 3000 1290 3058 miranda
1334 3001 1658 3078 nepotibus
1705 3000 1881 3060 arbos

443 3083 577 3143 Nec
624 3086 836 3157 semel,
890 3093 993 3142 aut
1039 3106 1153 3143 uno
1199 3086 1418 3161 pollice
1471 3092 1682 3159 carpta
1724 3085 1932 3145 dabas.

361 3167 542 3227 Nunc
576 3170 803 3228 ramale
847 3178 1042 3242 vetuS,
1088 3172 1232 3244 quid
1269 3179 1512 3249 praeter
1560 3170 1834 3228 muscida
1873 3171 2101 3247 possiS,

443 3259 567 3313 Aut
612 3255 954 3314 damnanda
999 3256 1148 3313 focis
1194 3258 1366 3314 arida
1410 3256 1576 3333 ligna
1618 3255 1804 3314 dare?

365 3336 649 3398 Carmine
688 3360 811 3398 non
858 3340 1147 3398 moriente
1196 3361 1389 3400 senex
1431 3340 1535 3417 qui
1577 3340 1732 3399 fovit
1773 3341 2024 3411 amicos,

446 3425 637 3500 Inque
681 3425 808 3483 suis
855 3426 1050 3483 voluit
1093 3446 1310 3484 nomen
1356 3428 1579 3484 habere
1624 3426 1820 3499 libris,

361 3509 645 3568 Victuros
691 3510 939 3568 memori
979 3511 1174 3586 potuit
1219 3531 1376 3588 quos
1425 3510 1663 3569 tradere
1714 3510 1933 3578 saecIO,
