2452 4186
20 412 23 471 γ
47 447 50 450 ,

20 506 23 539 λ

20 664 23 685 f

1097 270 1214 330 193

248 432 516 509 κτάσθω,
556 433 780 514 Λόγδε,
828 433 977 503 σόας
1021 438 1257 519 πιμελῇ
1302 434 1670 519 φλιδόοντας
1702 433 1960 507 Ἰόλλας.

331 519 639 603 ἀρκοῦμαι
681 517 734 581 δ’
782 518 897 583 ὑπὸ
942 521 1040 583 σοὶ
1089 521 1497 602 σωζομένοισι
1529 523 1750 605 βοτοῖς.

245 710 300 757 ς.
354 682 570 750 ΠΡΟΣ
609 684 1290 754 ΑΥΤΟΚΡΑΤΟΡΑΣ.
1336 687 1482 753 ΚΑΙ
1525 683 1715 752 ΠΕΡΙ
1770 684 2063 753 ΑΥΤΩΝ.

245 776 376 848 4,1.
424 770 594 855 ἦμαρ
645 766 959 855 Καίσαρος
1000 774 1155 855 ἡδὺ,
1199 775 1496 860 σεβαστὸν
1545 776 1778 856 μᾶλλον
1828 771 2064 836 ἐκείνου

317 855 447 939 Ἴδη
499 856 562 918 ἐν
611 852 663 940 ᾧ
706 856 921 940 Δίκτης
961 859 1189 921 κλίτεσι
1236 865 1395 942 φῦσε
1442 859 1582 932 Δία,

244 943 470 1008 αἰῶνος
512 937 767 1020 Πυλίοιο
808 942 970 1004 πολὺ
1025 946 1437 1029 χρονιώτερον
1488 941 1716 1017 ἔλθοις,

328 1023 515 1089 ταύτό
559 1025 617 1085 τ’
664 1025 762 1087 ἀεὶ
802 1027 1086 1109 λάμποις,
1127 1028 1167 1110 ἢ
1207 1029 1310 1090 καὶ
1356 1027 1772 1110 ἀμεινότερον.

243 1115 459 1197 χρυσῷ
507 1107 604 1170 ὅδ’
650 1109 940 1195 Ἀλβανῷ
985 1109 1322 1195 Τριτωνίδα
1369 1112 1562 1196 συχνὰ
1602 1110 1901 1195 γεραίροι,

328 1196 431 1257 καὶ
473 1193 727 1276 πλείστη
774 1193 998 1263 τόσσας
1047 1197 1192 1280 δρῦς
1229 1197 1346 1260 ἀνὰ
1384 1202 1602 1281 χεῖρας
1645 1195 1746 1258 ἰὀι.

244 1279 467 1342 κύκλον
519 1275 725 1360 ἄγοιτο
778 1278 964 1362 μέγαν
1009 1282 1535 1364 περιτελλομένων
1583 1280 1898 1356 ἐνιαυτῶν,

334 1365 435 1447 ἱρά
473 1384 560 1437 τε,
600 1358 936 1446 Ῥωμαίων
982 1365 1084 1427 οἷα
1130 1361 1429 1447 Τέρεντος
1471 1364 1621 1449 ἔχει,

248 1447 427 1532 ἁδρὰ,
466 1447 626 1523 θεοὶ,
672 1447 1031 1531 λιτόμεσθα,
1077 1450 1286 1511 δίκαια
1331 1451 1420 1512 δὲ.
1462 1449 1705 1532 τίςγάρ
1751 1448 2008 1532 ἀναιδὴς

333 1531 489 1617 εὐχὴ
536 1531 606 1594 ἂν
657 1531 749 1615 εἴη
799 1534 949 1616 ὑπὲρ
986 1535 1332 1597 τοσσατίοιο
1380 1534 1563 1609 θεοῦς

247 1705 385 1778 5,3.
430 1700 612 1783 Δῆγις
653 1700 684 1761 ὃ
724 1696 1055 1783 Ῥωμαίων
1098 1706 1203 1783 τῆς
1245 1700 1441 1806 ὄχθης
1484 1702 1617 1786 ἄρτι
1660 1704 1978 1787 πάροικος,

334 1786 402 1848 ὅν
456 1807 552 1846 σοι
598 1785 939 1854 δουλωθεὶς
972 1784 1219 1868 Ἴστρος·
1250 1785 1543 1870 ἐπεμψεν,
1594 1786 1764 1866 ἄναξ,

244 1871 629 1956 χαρμοσόνῃ
660 1867 993 1955 ἔκθαμβος,
1036 1871 1180 1935 ἰδὼν
1222 1872 1496 1954 ἡγήτορα
1538 1869 1773 1953 κόσμου

331 1957 486 2039 πρὸς
527 1955 629 2018 τὸν
680 1955 1108 2038 ὁμαρτοόντων
1155 1956 1363 2018 τοιάδε
1408 1957 1559 2019 λαὸν
1604 1954 1749 2039 ἔφη,

216 2030 357 2104 '106
402 2041 615 2109 κάσιος
660 2041 933 2124 ζηλωτὸς
986 2034 1106 2121 ἐγὼ
1153 2039 1365 2116 πλέον,
1415 2039 1537 2104 ὅττι
1581 2039 1730 2104 θεόν
1779 2063 1903 2124 μοι,

334 2124 401 2188 ὃν
445 2124 690 2211 σέβεται
735 2124 995 2210 μακρὰν,
1041 2125 1293 2208 ἐγγύθεν
1339 2126 1496 2188 ἐστὶν
1544 2129 1711 2210 όρᾷν.

251 2299 386 2369 4,3.
435 2294 673 2356 Λεῦσσε
719 2295 816 2377 δὴ,
865 2297 949 2362 ὥς
991 2295 1169 2357 ὑετοῦ
1199 2295 1447 2361 πυκινὸς
1471 2292 1660 2361 πόκος
1684 2294 2072 2378 ἀψοφέοντος

315 2375 650 2462 «Καίσαρος
692 2380 778 2447 εἰς
820 2377 1089 2445 κόλπους
1127 2379 1432 2452 πίλναται,
1488 2376 1574 2445 εἴς
1617 2401 1686 2440 τε
1724 2380 1901 2462 κάρα.

251 2460 401 2546 Ζηνὶ
449 2463 510 2525 δ’
560 2463 627 2530 ὃς
670 2465 905 2548 ἥσυχος
952 2461 1121 2538 εἴκει,
1177 2462 1512 2544 ἀκινήτοισι
1550 2465 1904 2545 προσώποις

337 2546 526 2656 ιρόχεϊ
568 2547 979 2630 πηγνυμένων,
1017 2547 1130 2610 οὐκ
1175 2545 1415 2628 ἀλέγων
1459 2546 1719 2621 ὑδάτων,

250 2632 412 2716 ἠθας
457 2629 645 2714 Ὑπερ
693 2632 877 2715 ορέου
925 2630 1278 2716 κατατρόειν
1329 2629 1521 2713 ἄστρα
1562 2628 1858 2708 Βοώτεω,

337 2720 443 2798 τῆς
486 2716 554 2780 θ’
590 2715 607 2736 ‘
667 2716 836 2799 λίκης
879 2718 1064 2801 διερῷ
1114 2716 1288 2799 κρατὶ
1332 2715 1796 2798 καταφρονέειν.

251 2807 361 2867 τοῦ
409 2801 632 2864 Διόθεν
682 2801 947 2884 ξηροῖσιν
996 2800 1332 2884 ἀθόροντος
1377 2800 1728 2885 ῥαθάμιγξιν

335 2888 455 2970 ἥδε
498 2885 712 2971 κόρου,
758 2884 980 2960 δοκέω,
1029 2882 1346 2970 Καίσαρος
1393 2885 1516 2948 ἐστὶ
1561 2886 1757 2969 νιφάς.

253 3058 386 3132 7,6.
433 3058 562 3138 μῶν
591 3055 630 3116 ἀ
690 3052 706 3072 ’
729 3052 917 3137 Ὑπερ
965 3052 1160 3136 ορέων
1193 3056 1559 3137 ὁρμώμενος
1589 3052 1707 3115 εἶσι
1736 3052 1887 3134 πρὸς
1910 3051 2073 3134 ἡμᾶς

336 3139 460 3223 ἤδη
508 3139 572 3207 ἐς
616 3077 873 3221 >ῗτοιλίης
976 3142 1156 3221 αῖσαρ
1203 3138 1447 3221 ἑτοῖμος
1495 3136 1707 3213 ὁδοός;

252 3229 370 3291 πᾶς
412 3223 520 3306 μέν
572 3233 742 3307 φησι,
781 3222 964 3305 λόγου
1013 3222 1071 3283 δ’
1121 3222 1492 3304 αὐτάγγελος
1526 3222 1596 3283 οὐ
1637 3221 1824 3304 πάρα.
1876 3219 1974 3281 σοὶ
2001 3219 2070 3281 δὲ

340 3311 478 3388 (σὸν
523 3307 637 3393 γὰρ
683 3306 1041 3390 ἀληθεύειν)
1088 3307 1139 3369 ὦ
1184 3305 1366 3381 Φάτι,
1407 3304 1776 3388 πειθόμεθα.

255 3391 575 3475 πάνδημόν
620 3414 690 3474 γε
731 3391 926 3475 χαρὰν
967 3389 1187 3475 νικηφό
1233 3412 1272 3451 α
1310 3392 1639 3473 γράμματα
1686 3391 1904 3475 φωνεῖ,

343 3474 547 3563 χλῶρ’
593 3476 691 3539 ἐπὶ
736 3480 842 3559 τῆς
879 3479 1155 3560 κορυφῆς
1194 3412 1386 3559 Ξγχεα
1430 3474 1832 3559 δαφνοφορεῖ.
