2452 4186
1260 283 1374 342 106

487 449 830 509 Restabant
863 452 1022 511 curis
1068 454 1341 552 praem-ia
1385 454 1583 511 danda
1620 452 1766 510 tuis:

373 517 528 596 Sed
570 536 732 594 Mors
782 536 1025 596 invidit.
1069 557 1145 594 ne
1187 540 1289 612 qui
1331 538 1708 634 pubentibus
1744 538 1921 596 annis

488 621 803 695 Aequasti,
840 641 1063 697 posses
1104 625 1499 699 praeteriisse
1544 622 1731 680 viros.

492 788 587 847 14.
670 791 749 848 In
787 792 1000 849 obitum
1053 791 1120 850 V.
1173 791 1233 849 C.
1283 792 1587 850 Francisci
1627 794 1788 850 Iunii
1828 793 2140 870 Bituriqis.

400 873 560 946 Iuni,
607 892 784 947 quem
829 876 1012 934 modo
1055 876 1273 934 litteris
1314 885 1625 953 potentem

400 957 580 1016 Pleni
620 957 942 1035 Gymnasii
982 961 1296 1035 frequente
1342 971 1519 1019 coetu

404 1041 703 1120 Cingebat
746 1045 962 1104 docilis
1012 1065 1236 1104 corona
1278 1046 1455 1121 pubis

401 1128 605 1186 Docto
649 1130 922 1205 pendula
965 1131 1323 1189 disserentis
1374 1150 1511 1189 ore:

401 1217 486 1271 At
524 1232 704 1287 nunc,
750 1236 786 1274 o
832 1216 1023 1274 series
1065 1216 1274 1290 iniqua
1315 1235 1538 1288 rerum,

403 1297 631 1356 Tactus
679 1301 879 1359 sidere
920 1300 1270 1377 pestilentis
1314 1320 1500 1358 aurae

404 1381 514 1443 Sol
559 1385 931 1459 pallentibus
976 1386 1199 1444 occidis
1245 1386 1546 1446 tenebris!

404 1467 496 1525 Te
540 1487 824 1529 moerens
870 1470 1077 1529 schola
1117 1472 1221 1528 flet
1272 1490 1447 1529 suum
1483 1470 1857 1547 magistrum,

406 1552 575 1611 Orba
611 1555 895 1613 Ecclesia
937 1564 998 1612 te
1046 1574 1217 1614 suum
1266 1564 1602 1631 parentem,

401 1637 736 1697 Doctorem
789 1640 975 1716 gemit
1018 1641 1184 1698 orbis
1225 1642 1565 1699 universus.

401 1722 603 1795 Flent,
648 1725 824 1794 flent3
868 1744 985 1782 non
1032 1725 1117 1781 uti
1163 1724 1380 1801 vulgus
1425 1723 1763 1810 imperitus,

405 1807 599 1881 Quem
643 1810 891 1867 morbus
940 1809 1117 1866 docet
1160 1810 1319 1886 ipse,
1366 1795 1510 1884 quid
1547 1808 1748 1868 valere
1791 1815 1905 1878 est,

404 1890 629 1965 Quanti
677 1904 771 1953 est
812 1894 999 1966 filius,
1048 1895 1306 1953 orbitate
1349 1895 1548 1966 discit,

405 1975 522 2050 Qui
567 1997 678 2036 nec
724 1980 983 2053 denique
1028 1980 1170 2053 quid
1212 1980 1435 2055 potitus
1481 1980 1629 2038 olim
1677 1986 1794 2050 est,

406 2059 528 2122 Sed
573 2064 719 2140 quid
762 2063 1111 2141 perdiderit,
1156 2065 1317 2124 solet
1352 2072 1585 2142 putare.

402 2149 476 2205 In
517 2158 577 2206 te
615 2151 799 2227 longe
842 2150 965 2207 alia
1003 2159 1096 2208 est
1137 2151 1520 2209 vicissitudo:

402 2230 539 2291 Nec
583 2245 844 2311 quantus
890 2235 1102 2307 fueris,
1147 2236 1412 2293 carendo
1462 2235 1662 2307 discit,

405 2317 528 2393 Qui
568 2321 689 2377 vivi
740 2320 1016 2377 meritum
1059 2321 1408 2378 aestimavit
1449 2319 1610 2377 olim.

401 2403 483 2462 Et
527 2424 702 2462 nunc·
730 2405 972 2464 conscia
1011 2406 1291 2481 publicae
1331 2405 1615 2479 querelae

402 2488 734 2564 Postquam
783 2490 983 2548 tristia
1029 2498 1087 2547 te
1137 2491 1331 2548 tulere
1375 2490 1522 2562 fata,

402 2574 483 2631 Et
525 2575 751 2634 clarum
791 2575 965 2633 iubar
1003 2576 1311 2633 abstulere
1357 2575 1606 2647 mund0,

403 2655 542 2718 Nos
587 2661 730 2735 quid
767 2659 1165 2736 perdidimus,
1210 2659 1355 2733 quid
1402 2669 1461 2717 et
1498 2659 1817 2717 dolendum
1862 2666 1980 2731 est,
2017 2694 2022 2700 -

400 2741 546 2801 Non
597 2746 821 2803 scimus
868 2745 1083 2821 magis,
1124 2754 1188 2802 at
1226 2744 1424 2820 magis
1468 2744 1758 2803 dolemus.

574 2839 881 2956 LugdABat.
907 2839 1130 2956 ambus
1148 2840 1293 2889 horis
1315 2850 1437 2904 post
1461 2840 1685 2890 mediam
1716 2845 1920 2888 noctem
1940 2838 2000 2886 in
2026 2837 2243 2889 lectulo.

761 2921 867 2955 nno
1044 2942 1056 2954 .

467 3062 562 3121 15.
653 3063 980 3138 Epicadion
1022 3064 1321 3121 Adeodati
1366 3063 1554 3122 Sebae
1579 3060 1905 3139 [Theodori
1927 3059 2184 3135 BezaeJ.

402 3147 624 3223 Magne
672 3166 884 3221 senex,
932 3148 1062 3205 miti
1108 3167 1287 3225 quem
1326 3149 1538 3206 funere
1589 3155 1782 3222 nuper
1824 3145 2131 3204 ademtum

487 3232 881 3311 Allobrogum
928 3233 1095 3291 molli
1140 3233 1372 3309 cespite
1418 3230 1581 3303 velat
1622 3233 1862 3304 humus,

404 3316 698 3392 Quamvis
740 3328 988 3376 aeterna
1030 3319 1184 3376 caeli
1224 3319 1475 3395 regione
1517 3324 1827 3393 receptum

488 3401 579 3460 Te
620 3412 871 3477 seposta
913 3403 1034 3479 piis
1080 3404 1361 3462 manibus
1412 3402 1553 3460 aula
1593 3410 1779 3474 tenet,

401 3486 651 3562 Iamque
690 3507 756 3546 es
801 3488 1055 3547 decurso
1100 3489 1298 3566 spatio
1346 3488 1581 3567 delatus
1619 3487 1680 3544 in
1724 3487 1952 3564 ipsum,
2010 3564 2017 3569 υ
