<?xml version="1.0" encoding="UTF-8"?>
<!DOCTYPE html PUBLIC "-//W3C//DTD XHTML 1.0 Transitional//EN"
    "http://www.w3.org/TR/xhtml1/DTD/xhtml1-transitional.dtd">
<html xmlns="http://www.w3.org/1999/xhtml" xml:lang="en" lang="en">
 <head>
  <title>
</title>
<meta http-equiv="Content-Type" content="text/html;charset=utf-8" />
  <meta name='ocr-system' content='tesseract 3.04.00' />
  <meta name='ocr-capabilities' content='ocr_page ocr_carea ocr_par ocr_line ocrx_word'/>
</head>
<body>
  <div class='ocr_page' id='page_1' title='image "./iosephiscaliger02scalgoog/iosephiscaliger02scalgoog_0272.png"; bbox 0 0 2452 4186; ppageno 0'>
   <div class='ocr_carea' id='block_1_1' title="bbox 1205 327 1329 385">
    <p class='ocr_par' dir='ltr' id='par_1_1' title="bbox 1205 327 1329 385">
     <span class='ocr_line' id='line_1_1' title="bbox 1205 327 1329 385; baseline 0 0"><span class='ocrx_word' id='word_1_1' title='bbox 1205 327 1329 385; x_wconf 80' lang='lat'>270</span> 
     </span>
    </p>
   </div>
   <div class='ocr_carea' id='block_1_2' title="bbox 1119 412 1421 421">
    <p class='ocr_par' dir='ltr' id='par_1_2' title="bbox 1119 412 1421 421">
     <span class='ocr_line' id='line_1_2' title="bbox 1119 412 1421 421; baseline 0 0"><span class='ocrx_word' id='word_1_2' title='bbox 1119 412 1421 421; x_wconf 95' lang='lat' dir='ltr'> </span> 
     </span>
    </p>
   </div>
   <div class='ocr_carea' id='block_1_3' title="bbox 354 487 2197 745">
    <p class='ocr_par' dir='ltr' id='par_1_3' title="bbox 354 487 2197 745">
     <span class='ocr_line' id='line_1_3' title="bbox 439 487 1968 573; baseline 0.001 -19"><span class='ocrx_word' id='word_1_3' title='bbox 439 495 583 554; x_wconf 90' lang='lat' dir='ltr'>Non</span> <span class='ocrx_word' id='word_1_4' title='bbox 637 496 840 569; x_wconf 85' lang='lat' dir='ltr'>alium,</span> <span class='ocrx_word' id='word_1_5' title='bbox 881 487 1058 572; x_wconf 89' lang='lat' dir='ltr'>quam</span> <span class='ocrx_word' id='word_1_6' title='bbox 1100 516 1221 570; x_wconf 89' lang='lat' dir='ltr'>me,</span> <span class='ocrx_word' id='word_1_7' title='bbox 1271 498 1451 556; x_wconf 86' lang='lat' dir='ltr'>docta</span> <span class='ocrx_word' id='word_1_8' title='bbox 1493 496 1696 569; x_wconf 89' lang='lat' dir='ltr'>ferire,</span> <span class='ocrx_word' id='word_1_9' title='bbox 1738 516 1968 573; x_wconf 82' lang='lat' dir='ltr'>precor.</span> 
     </span>
     <span class='ocr_line' id='line_1_4' title="bbox 354 580 1833 658; baseline -0.002 -15"><span class='ocrx_word' id='word_1_10' title='bbox 354 580 465 643; x_wconf 88' lang='lat' dir='ltr'>Sin</span> <span class='ocrx_word' id='word_1_11' title='bbox 505 582 755 654; x_wconf 89' lang='lat' dir='ltr'>morior,</span> <span class='ocrx_word' id='word_1_12' title='bbox 798 590 985 641; x_wconf 89' lang='lat' dir='ltr'>testes</span> <span class='ocrx_word' id='word_1_13' title='bbox 1031 600 1106 639; x_wconf 90' lang='lat' dir='ltr'>en</span> <span class='ocrx_word' id='word_1_14' title='bbox 1144 583 1298 641; x_wconf 88' lang='lat' dir='ltr'>istas</span> <span class='ocrx_word' id='word_1_15' title='bbox 1343 583 1550 658; x_wconf 90' lang='lat' dir='ltr'>linquo</span> <span class='ocrx_word' id='word_1_16' title='bbox 1593 581 1833 640; x_wconf 85' lang='lat' dir='ltr'>lituras:</span> 
     </span>
     <span class='ocr_line' id='line_1_5' title="bbox 442 664 2197 745; baseline 0.003 -21"><span class='ocrx_word' id='word_1_17' title='bbox 442 667 746 742; x_wconf 83' lang='lat' dir='ltr'>Quantum</span> <span class='ocrx_word' id='word_1_18' title='bbox 790 664 1087 724; x_wconf 83' lang='lat' dir='ltr'>homicida</span> <span class='ocrx_word' id='word_1_19' title='bbox 1130 675 1358 744; x_wconf 90' lang='lat' dir='ltr'>potest,</span> <span class='ocrx_word' id='word_1_20' title='bbox 1404 666 1630 744; x_wconf 86' lang='lat' dir='ltr'>aspicis</span> <span class='ocrx_word' id='word_1_21' title='bbox 1676 668 1926 745; x_wconf 60' lang='lat' dir='ltr'>hospes»,</span> <span class='ocrx_word' id='word_1_22' title='bbox 1977 672 2197 730; x_wconf 87' lang='lat' dir='ltr'>Amor.</span> 
     </span>
    </p>
   </div>
   <div class='ocr_carea' id='block_1_4' title="bbox 353 828 2074 1591">
    <p class='ocr_par' dir='ltr' id='par_1_4' title="bbox 359 828 1692 915">
     <span class='ocr_line' id='line_1_6' title="bbox 359 828 1692 915; baseline -0.001 -23"><span class='ocrx_word' id='word_1_23' title='bbox 359 836 548 912; x_wconf 79' lang='grc' dir='ltr'>ζ(’28)</span> <span class='ocrx_word' id='word_1_24' title='bbox 869 828 943 893; x_wconf 84' lang='grc' dir='ltr'>Εἰ</span> <span class='ocrx_word' id='word_1_25' title='bbox 992 831 1245 914; x_wconf 80' lang='grc' dir='ltr'>φιλέεις,</span> <span class='ocrx_word' id='word_1_26' title='bbox 1287 833 1367 915; x_wconf 81' lang='grc' dir='ltr'>μὴ</span> <span class='ocrx_word' id='word_1_27' title='bbox 1416 833 1692 913; x_wconf 82' lang='grc' dir='ltr'><strong>πάμπαν.</strong></span> 
     </span>
    </p>

    <p class='ocr_par' dir='ltr' id='par_1_5' title="bbox 356 920 2064 1081">
     <span class='ocr_line' id='line_1_7' title="bbox 356 920 2064 997; baseline 0.001 -19"><span class='ocrx_word' id='word_1_28' title='bbox 356 921 650 997; x_wconf 81' lang='lat' dir='ltr'>Quisquis</span> <span class='ocrx_word' id='word_1_29' title='bbox 694 938 886 991; x_wconf 85' lang='lat' dir='ltr'>amas,</span> <span class='ocrx_word' id='word_1_30' title='bbox 929 938 1075 977; x_wconf 84' lang='lat' dir='ltr'>cave</span> <span class='ocrx_word' id='word_1_31' title='bbox 1122 920 1206 978; x_wconf 87' lang='lat' dir='ltr'>sis</span> <span class='ocrx_word' id='word_1_32' title='bbox 1254 921 1487 978; x_wconf 89' lang='lat' dir='ltr'>deiecto</span> <span class='ocrx_word' id='word_1_33' title='bbox 1530 932 1769 997; x_wconf 85' lang='lat' dir='ltr'>pectore</span> <span class='ocrx_word' id='word_1_34' title='bbox 1809 921 2064 995; x_wconf 82' lang='lat' dir='ltr'>fractuS,</span> 
     </span>
     <span class='ocr_line' id='line_1_8' title="bbox 440 1004 1757 1081; baseline -0.004 -16"><span class='ocrx_word' id='word_1_35' title='bbox 440 1004 828 1081; x_wconf 87' lang='lat' dir='ltr'>Supplicibus</span> <span class='ocrx_word' id='word_1_36' title='bbox 874 1005 1081 1063; x_wconf 86' lang='lat' dir='ltr'>solvas</span> <span class='ocrx_word' id='word_1_37' title='bbox 1125 1005 1348 1064; x_wconf 88' lang='lat' dir='ltr'>flebilis</span> <span class='ocrx_word' id='word_1_38' title='bbox 1397 1024 1504 1064; x_wconf 90' lang='lat' dir='ltr'>ora</span> <span class='ocrx_word' id='word_1_39' title='bbox 1545 1005 1757 1063; x_wconf 88' lang='lat' dir='ltr'>modis.</span> 
     </span>
    </p>

    <p class='ocr_par' dir='ltr' id='par_1_6' title="bbox 353 1089 1937 1251">
     <span class='ocr_line' id='line_1_9' title="bbox 353 1089 1937 1166; baseline -0.001 -16"><span class='ocrx_word' id='word_1_40' title='bbox 353 1090 663 1166; x_wconf 87' lang='lat' dir='ltr'>Propositi</span> <span class='ocrx_word' id='word_1_41' title='bbox 704 1089 886 1148; x_wconf 89' lang='lat' dir='ltr'>solidi</span> <span class='ocrx_word' id='word_1_42' title='bbox 930 1089 1039 1147; x_wconf 90' lang='lat' dir='ltr'>tibi</span> <span class='ocrx_word' id='word_1_43' title='bbox 1077 1108 1219 1146; x_wconf 87' lang='lat' dir='ltr'>cura</span> <span class='ocrx_word' id='word_1_44' title='bbox 1266 1092 1366 1163; x_wconf 89' lang='lat' dir='ltr'>sit,</span> <span class='ocrx_word' id='word_1_45' title='bbox 1407 1099 1464 1148; x_wconf 91' lang='lat' dir='ltr'>et</span> <span class='ocrx_word' id='word_1_46' title='bbox 1503 1091 1611 1147; x_wconf 92' lang='lat' dir='ltr'>tibi</span> <span class='ocrx_word' id='word_1_47' title='bbox 1657 1100 1937 1150; x_wconf 85' lang='lat' dir='ltr'>constent</span> 
     </span>
     <span class='ocr_line' id='line_1_10' title="bbox 438 1175 1682 1251; baseline -0.002 -18"><span class='ocrx_word' id='word_1_48' title='bbox 438 1175 699 1233; x_wconf 89' lang='lat' dir='ltr'>Lumina</span> <span class='ocrx_word' id='word_1_49' title='bbox 752 1182 1061 1233; x_wconf 84' lang='lat' dir='ltr'>contracto</span> <span class='ocrx_word' id='word_1_50' title='bbox 1109 1194 1294 1250; x_wconf 88' lang='lat' dir='ltr'>parca</span> <span class='ocrx_word' id='word_1_51' title='bbox 1344 1175 1682 1251; x_wconf 80' lang='lat' dir='ltr'>supercilio.</span> 
     </span>
    </p>

    <p class='ocr_par' dir='ltr' id='par_1_7' title="bbox 354 1259 1921 1403">
     <span class='ocr_line' id='line_1_11' title="bbox 354 1259 1921 1332; baseline -0.001 -13"><span class='ocrx_word' id='word_1_52' title='bbox 354 1260 515 1319; x_wconf 88' lang='lat' dir='ltr'>Nam</span> <span class='ocrx_word' id='word_1_53' title='bbox 563 1260 742 1318; x_wconf 88' lang='lat' dir='ltr'>nimis</span> <span class='ocrx_word' id='word_1_54' title='bbox 789 1259 977 1318; x_wconf 87' lang='lat' dir='ltr'>elatos</span> <span class='ocrx_word' id='word_1_55' title='bbox 1024 1261 1356 1316; x_wconf 83' lang='lat' dir='ltr'>contemnit</span> <span class='ocrx_word' id='word_1_56' title='bbox 1398 1260 1660 1318; x_wconf 87' lang='lat' dir='ltr'>foemina</span> <span class='ocrx_word' id='word_1_57' title='bbox 1705 1259 1921 1332; x_wconf 81' lang='lat' dir='ltr'>fastuS,</span> 
     </span>
     <span class='ocr_line' id='line_1_12' title="bbox 438 1345 1772 1403; baseline -0.002 0"><span class='ocrx_word' id='word_1_58' title='bbox 438 1347 517 1403; x_wconf 90' lang='lat' dir='ltr'>Et</span> <span class='ocrx_word' id='word_1_59' title='bbox 560 1346 740 1403; x_wconf 88' lang='lat' dir='ltr'>nimis</span> <span class='ocrx_word' id='word_1_60' title='bbox 784 1345 1081 1402; x_wconf 86' lang='lat' dir='ltr'>abiectum</span> <span class='ocrx_word' id='word_1_61' title='bbox 1127 1346 1284 1401; x_wconf 89' lang='lat' dir='ltr'>ridet</span> <span class='ocrx_word' id='word_1_62' title='bbox 1324 1346 1516 1401; x_wconf 85' lang='lat' dir='ltr'>amica</span> <span class='ocrx_word' id='word_1_63' title='bbox 1562 1346 1772 1402; x_wconf 87' lang='lat' dir='ltr'>virum.</span> 
     </span>
    </p>

    <p class='ocr_par' dir='ltr' id='par_1_8' title="bbox 353 1431 2074 1591">
     <span class='ocr_line' id='line_1_13' title="bbox 353 1431 2074 1506; baseline 0.001 -18"><span class='ocrx_word' id='word_1_64' title='bbox 353 1431 467 1488; x_wconf 90' lang='lat' dir='ltr'>Ille</span> <span class='ocrx_word' id='word_1_65' title='bbox 516 1431 744 1506; x_wconf 87' lang='lat' dir='ltr'>peritus</span> <span class='ocrx_word' id='word_1_66' title='bbox 785 1431 917 1501; x_wconf 84' lang='lat' dir='ltr'>erit,</span> <span class='ocrx_word' id='word_1_67' title='bbox 962 1431 1300 1505; x_wconf 88' lang='lat' dir='ltr'>quicunque</span> <span class='ocrx_word' id='word_1_68' title='bbox 1343 1431 1492 1488; x_wconf 90' lang='lat' dir='ltr'>haec</span> <span class='ocrx_word' id='word_1_69' title='bbox 1534 1431 1768 1501; x_wconf 87' lang='lat' dir='ltr'>miscet,</span> <span class='ocrx_word' id='word_1_70' title='bbox 1809 1438 2074 1489; x_wconf 84' lang='lat' dir='ltr'>amator:</span> 
     </span>
     <span class='ocr_line' id='line_1_14' title="bbox 437 1514 1855 1591; baseline -0.001 -19"><span class='ocrx_word' id='word_1_71' title='bbox 437 1516 516 1572; x_wconf 87' lang='lat' dir='ltr'>Et</span> <span class='ocrx_word' id='word_1_72' title='bbox 555 1515 794 1573; x_wconf 89' lang='lat' dir='ltr'>modico</span> <span class='ocrx_word' id='word_1_73' title='bbox 839 1516 902 1572; x_wconf 92' lang='lat' dir='ltr'>in</span> <span class='ocrx_word' id='word_1_74' title='bbox 949 1517 1108 1573; x_wconf 87' lang='lat' dir='ltr'>fastu</span> <span class='ocrx_word' id='word_1_75' title='bbox 1162 1523 1408 1590; x_wconf 88' lang='lat' dir='ltr'>pectora</span> <span class='ocrx_word' id='word_1_76' title='bbox 1451 1515 1643 1572; x_wconf 86' lang='lat' dir='ltr'>fracta</span> <span class='ocrx_word' id='word_1_77' title='bbox 1685 1514 1855 1591; x_wconf 84' lang='lat' dir='ltr'>gerit.</span> 
     </span>
    </p>
   </div>
   <div class='ocr_carea' id='block_1_5' title="bbox 352 1677 2192 2441">
    <p class='ocr_par' dir='ltr' id='par_1_9' title="bbox 356 1677 1791 1762">
     <span class='ocr_line' id='line_1_15' title="bbox 356 1677 1791 1762; baseline 0.001 -22"><span class='ocrx_word' id='word_1_78' title='bbox 356 1682 581 1758; x_wconf 66' lang='lat' dir='ltr'>c(29)„</span> <span class='ocrx_word' id='word_1_79' title='bbox 741 1677 1022 1760; x_wconf 79' lang='grc' dir='ltr'>Χρύσεος</span> <span class='ocrx_word' id='word_1_80' title='bbox 1064 1679 1404 1762; x_wconf 71' lang='grc' dir='ltr'>ἀψαύστοιο</span> <span class='ocrx_word' id='word_1_81' title='bbox 1454 1679 1791 1761; x_wconf 79' lang='grc' dir='ltr'>διέτμαγεν.</span> 
     </span>
    </p>

    <p class='ocr_par' dir='ltr' id='par_1_10' title="bbox 352 1767 1746 1929">
     <span class='ocr_line' id='line_1_16' title="bbox 352 1767 1732 1843; baseline 0 -17"><span class='ocrx_word' id='word_1_82' title='bbox 352 1772 591 1827; x_wconf 85' lang='lat' dir='ltr'>Aureus</span> <span class='ocrx_word' id='word_1_83' title='bbox 639 1767 848 1825; x_wconf 85' lang='lat' dir='ltr'>intacti</span> <span class='ocrx_word' id='word_1_84' title='bbox 893 1769 1209 1825; x_wconf 86' lang='lat' dir='ltr'>temeravit</span> <span class='ocrx_word' id='word_1_85' title='bbox 1255 1768 1454 1825; x_wconf 86' lang='lat' dir='ltr'>vincla</span> <span class='ocrx_word' id='word_1_86' title='bbox 1491 1767 1732 1843; x_wconf 86' lang='lat' dir='ltr'>pudoris</span> 
     </span>
     <span class='ocr_line' id='line_1_17' title="bbox 437 1852 1746 1929; baseline 0 -19"><span class='ocrx_word' id='word_1_87' title='bbox 437 1853 689 1929; x_wconf 78' lang='lat' dir='ltr'>Iupiter,</span> <span class='ocrx_word' id='word_1_88' title='bbox 733 1861 798 1910; x_wconf 90' lang='lat' dir='ltr'>ut</span> <span class='ocrx_word' id='word_1_89' title='bbox 841 1852 1087 1910; x_wconf 86' lang='lat' dir='ltr'>Danaes</span> <span class='ocrx_word' id='word_1_90' title='bbox 1135 1871 1313 1910; x_wconf 84' lang='lat' dir='ltr'>aerea</span> <span class='ocrx_word' id='word_1_91' title='bbox 1362 1861 1521 1911; x_wconf 89' lang='lat' dir='ltr'>tecta</span> <span class='ocrx_word' id='word_1_92' title='bbox 1567 1853 1746 1911; x_wconf 88' lang='lat' dir='ltr'>subit.</span> 
     </span>
    </p>

    <p class='ocr_par' dir='ltr' id='par_1_11' title="bbox 352 1937 1946 2099">
     <span class='ocr_line' id='line_1_18' title="bbox 352 1937 1925 2013; baseline -0.001 -18"><span class='ocrx_word' id='word_1_93' title='bbox 352 1937 586 1995; x_wconf 85' lang='lat' dir='ltr'>Fabula</span> <span class='ocrx_word' id='word_1_94' title='bbox 627 1937 714 1996; x_wconf 90' lang='lat' dir='ltr'>sic</span> <span class='ocrx_word' id='word_1_95' title='bbox 751 1938 1034 2013; x_wconf 88' lang='lat' dir='ltr'>loquitur,</span> <span class='ocrx_word' id='word_1_96' title='bbox 1086 1957 1181 1994; x_wconf 93' lang='lat' dir='ltr'>me</span> <span class='ocrx_word' id='word_1_97' title='bbox 1222 1938 1436 1995; x_wconf 90' lang='lat' dir='ltr'>iudice.</span> <span class='ocrx_word' id='word_1_98' title='bbox 1478 1938 1704 1995; x_wconf 86' lang='lat' dir='ltr'>Ferrea</span> <span class='ocrx_word' id='word_1_99' title='bbox 1751 1946 1925 2012; x_wconf 90' lang='lat' dir='ltr'>septa</span> 
     </span>
     <span class='ocr_line' id='line_1_19' title="bbox 441 2022 1946 2099; baseline -0.002 -17"><span class='ocrx_word' id='word_1_100' title='bbox 441 2023 845 2099; x_wconf 83' lang='lat' dir='ltr'>Omnipotens</span> <span class='ocrx_word' id='word_1_101' title='bbox 889 2042 1119 2095; x_wconf 89' lang='lat' dir='ltr'>aurum,</span> <span class='ocrx_word' id='word_1_102' title='bbox 1162 2023 1426 2098; x_wconf 88' lang='lat' dir='ltr'>duraque</span> <span class='ocrx_word' id='word_1_103' title='bbox 1474 2022 1674 2081; x_wconf 87' lang='lat' dir='ltr'>vincla</span> <span class='ocrx_word' id='word_1_104' title='bbox 1721 2022 1946 2080; x_wconf 90' lang='lat' dir='ltr'>domat.</span> 
     </span>
    </p>

    <p class='ocr_par' dir='ltr' id='par_1_12' title="bbox 354 2108 2192 2271">
     <span class='ocr_line' id='line_1_20' title="bbox 354 2108 2192 2187; baseline 0.001 -21"><span class='ocrx_word' id='word_1_105' title='bbox 354 2108 485 2166; x_wconf 87' lang='lat' dir='ltr'>Hoc</span> <span class='ocrx_word' id='word_1_106' title='bbox 531 2109 647 2166; x_wconf 92' lang='lat' dir='ltr'>hoc</span> <span class='ocrx_word' id='word_1_107' title='bbox 689 2127 907 2184; x_wconf 80' lang='lat' dir='ltr'>nempe</span> <span class='ocrx_word' id='word_1_108' title='bbox 952 2128 1144 2180; x_wconf 88' lang='lat' dir='ltr'>seras,</span> <span class='ocrx_word' id='word_1_109' title='bbox 1192 2110 1302 2166; x_wconf 90' lang='lat' dir='ltr'>hoc</span> <span class='ocrx_word' id='word_1_110' title='bbox 1346 2129 1537 2167; x_wconf 86' lang='lat' dir='ltr'>aenea</span> <span class='ocrx_word' id='word_1_111' title='bbox 1580 2108 1841 2167; x_wconf 87' lang='lat' dir='ltr'>claustra</span> <span class='ocrx_word' id='word_1_112' title='bbox 1881 2108 2192 2187; x_wconf 80' lang='lat' dir='ltr'>resignat,</span> 
     </span>
     <span class='ocr_line' id='line_1_21' title="bbox 435 2192 1769 2271; baseline -0.001 -20"><span class='ocrx_word' id='word_1_113' title='bbox 435 2192 575 2252; x_wconf 91' lang='lat' dir='ltr'>Hoc</span> <span class='ocrx_word' id='word_1_114' title='bbox 615 2194 838 2271; x_wconf 86' lang='lat' dir='ltr'>frangit</span> <span class='ocrx_word' id='word_1_115' title='bbox 884 2193 1102 2265; x_wconf 85' lang='lat' dir='ltr'>fastus,</span> <span class='ocrx_word' id='word_1_116' title='bbox 1149 2194 1299 2251; x_wconf 88' lang='lat' dir='ltr'>dura</span> <span class='ocrx_word' id='word_1_117' title='bbox 1343 2195 1571 2271; x_wconf 88' lang='lat' dir='ltr'>puella,</span> <span class='ocrx_word' id='word_1_118' title='bbox 1619 2203 1769 2252; x_wconf 89' lang='lat' dir='ltr'>tuos.</span> 
     </span>
    </p>

    <p class='ocr_par' dir='ltr' id='par_1_13' title="bbox 353 2278 2021 2441">
     <span class='ocr_line' id='line_1_22' title="bbox 353 2278 1970 2355; baseline 0.001 -20"><span class='ocrx_word' id='word_1_119' title='bbox 353 2278 485 2336; x_wconf 92' lang='lat' dir='ltr'>Hoc</span> <span class='ocrx_word' id='word_1_120' title='bbox 523 2279 776 2355; x_wconf 87' lang='lat' dir='ltr'>rigidam</span> <span class='ocrx_word' id='word_1_121' title='bbox 825 2278 1082 2337; x_wconf 89' lang='lat' dir='ltr'>Danaen</span> <span class='ocrx_word' id='word_1_122' title='bbox 1127 2280 1398 2337; x_wconf 83' lang='lat' dir='ltr'>lentavit.</span> <span class='ocrx_word' id='word_1_123' title='bbox 1443 2281 1494 2338; x_wconf 85' lang='lat' dir='ltr'>si</span> <span class='ocrx_word' id='word_1_124' title='bbox 1540 2279 1672 2354; x_wconf 90' lang='lat' dir='ltr'>quis</span> <span class='ocrx_word' id='word_1_125' title='bbox 1713 2283 1970 2337; x_wconf 86' lang='lat' dir='ltr'>Amator</span> 
     </span>
     <span class='ocr_line' id='line_1_23' title="bbox 434 2363 2021 2441; baseline -0.001 -20"><span class='ocrx_word' id='word_1_126' title='bbox 434 2365 579 2422; x_wconf 90' lang='lat' dir='ltr'>Fert</span> <span class='ocrx_word' id='word_1_127' title='bbox 620 2366 902 2441; x_wconf 87' lang='lat' dir='ltr'>pretium,</span> <span class='ocrx_word' id='word_1_128' title='bbox 944 2366 1054 2423; x_wconf 89' lang='lat' dir='ltr'>tibi</span> <span class='ocrx_word' id='word_1_129' title='bbox 1099 2384 1173 2422; x_wconf 92' lang='lat' dir='ltr'>ne</span> <span class='ocrx_word' id='word_1_130' title='bbox 1219 2364 1540 2441; x_wconf 78' lang='lat' dir='ltr'>supplicet,</span> <span class='ocrx_word' id='word_1_131' title='bbox 1585 2365 1744 2422; x_wconf 87' lang='lat' dir='ltr'>alma</span> <span class='ocrx_word' id='word_1_132' title='bbox 1789 2363 2021 2422; x_wconf 88' lang='lat' dir='ltr'>Venus.</span> 
     </span>
    </p>
   </div>
   <div class='ocr_carea' id='block_1_6' title="bbox 349 2527 2194 3631">
    <p class='ocr_par' dir='ltr' id='par_1_14' title="bbox 356 2527 1701 2612">
     <span class='ocr_line' id='line_1_24' title="bbox 356 2527 1701 2612; baseline 0.001 -22"><span class='ocrx_word' id='word_1_133' title='bbox 356 2533 548 2609; x_wconf 68' lang='lat'>&lt;(30)</span> <span class='ocrx_word' id='word_1_134' title='bbox 851 2527 969 2594; x_wconf 85' lang='grc' dir='ltr'>Τὸν</span> <span class='ocrx_word' id='word_1_135' title='bbox 1022 2532 1287 2612; x_wconf 82' lang='grc' dir='ltr'>σοβαρὸν</span> <span class='ocrx_word' id='word_1_136' title='bbox 1332 2529 1701 2611; x_wconf 83' lang='grc' dir='ltr'>Πολέμωνα.</span> 
     </span>
    </p>

    <p class='ocr_par' dir='ltr' id='par_1_15' title="bbox 350 2615 2194 2776">
     <span class='ocr_line' id='line_1_25' title="bbox 350 2615 2194 2695; baseline 0.002 -20"><span class='ocrx_word' id='word_1_137' title='bbox 350 2615 524 2690; x_wconf 81' lang='lat' dir='ltr'>Quod</span> <span class='ocrx_word' id='word_1_138' title='bbox 566 2617 824 2676; x_wconf 90' lang='lat' dir='ltr'>Polemo</span> <span class='ocrx_word' id='word_1_139' title='bbox 872 2619 976 2676; x_wconf 91' lang='lat' dir='ltr'>ille</span> <span class='ocrx_word' id='word_1_140' title='bbox 1002 2619 1169 2689; x_wconf 84' lang='lat' dir='ltr'>facit,</span> <span class='ocrx_word' id='word_1_141' title='bbox 1212 2617 1505 2695; x_wconf 84' lang='lat' dir='ltr'>Glyceres</span> <span class='ocrx_word' id='word_1_142' title='bbox 1546 2619 1648 2694; x_wconf 90' lang='lat' dir='ltr'>qui</span> <span class='ocrx_word' id='word_1_143' title='bbox 1676 2617 1947 2695; x_wconf 86' lang='lat' dir='ltr'>coniugis</span> <span class='ocrx_word' id='word_1_144' title='bbox 1979 2620 2194 2679; x_wconf 87' lang='lat' dir='ltr'>aufert</span> 
     </span>
     <span class='ocr_line' id='line_1_26' title="bbox 435 2702 1799 2776; baseline 0.001 -17"><span class='ocrx_word' id='word_1_145' title='bbox 435 2702 509 2761; x_wconf 91' lang='lat' dir='ltr'>In</span> <span class='ocrx_word' id='word_1_146' title='bbox 558 2722 741 2761; x_wconf 86' lang='lat' dir='ltr'>scena</span> <span class='ocrx_word' id='word_1_147' title='bbox 783 2703 1003 2776; x_wconf 89' lang='lat' dir='ltr'>crines,</span> <span class='ocrx_word' id='word_1_148' title='bbox 1048 2705 1223 2761; x_wconf 90' lang='lat' dir='ltr'>docte</span> <span class='ocrx_word' id='word_1_149' title='bbox 1268 2704 1619 2776; x_wconf 90' lang='lat' dir='ltr'>Menandre,</span> <span class='ocrx_word' id='word_1_150' title='bbox 1666 2713 1799 2762; x_wconf 86' lang='lat' dir='ltr'>tua:</span> 
     </span>
    </p>

    <p class='ocr_par' dir='ltr' id='par_1_16' title="bbox 351 2787 2143 2951">
     <span class='ocr_line' id='line_1_27' title="bbox 351 2787 2143 2849; baseline 0.002 -3"><span class='ocrx_word' id='word_1_151' title='bbox 351 2787 491 2846; x_wconf 91' lang='lat' dir='ltr'>Hoc</span> <span class='ocrx_word' id='word_1_152' title='bbox 537 2808 725 2846; x_wconf 84' lang='lat' dir='ltr'>novus</span> <span class='ocrx_word' id='word_1_153' title='bbox 770 2790 1028 2847; x_wconf 87' lang='lat' dir='ltr'>instituit</span> <span class='ocrx_word' id='word_1_154' title='bbox 1069 2788 1321 2847; x_wconf 90' lang='lat' dir='ltr'>Polemo</span> <span class='ocrx_word' id='word_1_155' title='bbox 1370 2808 1559 2848; x_wconf 90' lang='lat' dir='ltr'>meus.</span> <span class='ocrx_word' id='word_1_156' title='bbox 1603 2788 1706 2846; x_wconf 89' lang='lat' dir='ltr'>ille</span> <span class='ocrx_word' id='word_1_157' title='bbox 1735 2788 2143 2849; x_wconf 85' lang='lat' dir='ltr'>Rhodanthes</span> 
     </span>
     <span class='ocr_line' id='line_1_28' title="bbox 438 2872 1715 2951; baseline 0.001 -19"><span class='ocrx_word' id='word_1_158' title='bbox 438 2872 671 2932; x_wconf 87' lang='lat' dir='ltr'>Audaci</span> <span class='ocrx_word' id='word_1_159' title='bbox 718 2874 908 2933; x_wconf 86' lang='lat' dir='ltr'>cultas</span> <span class='ocrx_word' id='word_1_160' title='bbox 956 2873 1206 2932; x_wconf 88' lang='lat' dir='ltr'>abstulit</span> <span class='ocrx_word' id='word_1_161' title='bbox 1251 2894 1444 2951; x_wconf 83' lang='lat' dir='ltr'>ungue</span> <span class='ocrx_word' id='word_1_162' title='bbox 1491 2893 1715 2933; x_wconf 87' lang='lat' dir='ltr'>comas.</span> 
     </span>
    </p>

    <p class='ocr_par' dir='ltr' id='par_1_17' title="bbox 349 2956 1805 3102">
     <span class='ocr_line' id='line_1_29' title="bbox 349 2956 1805 3035; baseline -0.002 -18"><span class='ocrx_word' id='word_1_163' title='bbox 349 2956 718 3017; x_wconf 89' lang='lat' dir='ltr'>Criminibus</span> <span class='ocrx_word' id='word_1_164' title='bbox 765 2960 1012 3035; x_wconf 86' lang='lat' dir='ltr'>tragicis</span> <span class='ocrx_word' id='word_1_165' title='bbox 1055 2960 1310 3016; x_wconf 86' lang='lat' dir='ltr'>mutavit</span> <span class='ocrx_word' id='word_1_166' title='bbox 1352 2960 1583 3017; x_wconf 88' lang='lat' dir='ltr'>comica</span> <span class='ocrx_word' id='word_1_167' title='bbox 1626 2961 1805 3029; x_wconf 86' lang='lat' dir='ltr'>facta,</span> 
     </span>
     <span class='ocr_line' id='line_1_30' title="bbox 436 3044 1665 3102; baseline 0.001 -2"><span class='ocrx_word' id='word_1_168' title='bbox 436 3044 670 3100; x_wconf 87' lang='lat' dir='ltr'>Inflixit</span> <span class='ocrx_word' id='word_1_169' title='bbox 712 3051 955 3102; x_wconf 88' lang='lat' dir='ltr'>tenerae</span> <span class='ocrx_word' id='word_1_170' title='bbox 1002 3046 1257 3101; x_wconf 69' lang='lat' dir='ltr'>xerbera</span> <span class='ocrx_word' id='word_1_171' title='bbox 1302 3064 1485 3102; x_wconf 81' lang='lat' dir='ltr'>saeva</span> <span class='ocrx_word' id='word_1_172' title='bbox 1529 3046 1665 3101; x_wconf 88' lang='lat' dir='ltr'>cuti.</span> 
     </span>
    </p>

    <p class='ocr_par' dir='ltr' id='par_1_18' title="bbox 350 3127 1986 3292">
     <span class='ocr_line' id='line_1_31' title="bbox 350 3127 1986 3206; baseline -0.001 -19"><span class='ocrx_word' id='word_1_173' title='bbox 350 3129 448 3187; x_wconf 89' lang='lat' dir='ltr'>Ah</span> <span class='ocrx_word' id='word_1_174' title='bbox 493 3128 691 3186; x_wconf 87' lang='lat' dir='ltr'>scelus</span> <span class='ocrx_word' id='word_1_175' title='bbox 737 3129 1077 3206; x_wconf 78' lang='lat' dir='ltr'>indignum!</span> <span class='ocrx_word' id='word_1_176' title='bbox 1126 3138 1369 3188; x_wconf 88' lang='lat' dir='ltr'>nostros</span> <span class='ocrx_word' id='word_1_177' title='bbox 1417 3131 1703 3187; x_wconf 87' lang='lat' dir='ltr'>miserata</span> <span class='ocrx_word' id='word_1_178' title='bbox 1746 3127 1986 3186; x_wconf 88' lang='lat' dir='ltr'>dolores</span> 
     </span>
     <span class='ocr_line' id='line_1_32' title="bbox 437 3212 1876 3292; baseline -0.001 -22"><span class='ocrx_word' id='word_1_179' title='bbox 437 3212 609 3287; x_wconf 81' lang='lat' dir='ltr'>Quod</span> <span class='ocrx_word' id='word_1_180' title='bbox 654 3222 881 3272; x_wconf 87' lang='lat' dir='ltr'>tantum</span> <span class='ocrx_word' id='word_1_181' title='bbox 928 3214 1170 3273; x_wconf 87' lang='lat' dir='ltr'>admisit</span> <span class='ocrx_word' id='word_1_182' title='bbox 1205 3222 1377 3291; x_wconf 89' lang='lat' dir='ltr'>turpe</span> <span class='ocrx_word' id='word_1_183' title='bbox 1420 3214 1622 3292; x_wconf 88' lang='lat' dir='ltr'>puella</span> <span class='ocrx_word' id='word_1_184' title='bbox 1659 3212 1876 3272; x_wconf 85' lang='lat' dir='ltr'>nefas?</span> 
     </span>
    </p>

    <p class='ocr_par' dir='ltr' id='par_1_19' title="bbox 349 3298 2096 3444">
     <span class='ocr_line' id='line_1_33' title="bbox 349 3298 2096 3376; baseline 0.001 -20"><span class='ocrx_word' id='word_1_185' title='bbox 349 3298 511 3356; x_wconf 88' lang='lat' dir='ltr'>Proh</span> <span class='ocrx_word' id='word_1_186' title='bbox 555 3298 748 3358; x_wconf 81' lang='lat' dir='ltr'>dolor!</span> <span class='ocrx_word' id='word_1_187' title='bbox 798 3300 1281 3376; x_wconf 85' lang='lat' dir='ltr'>exsculpensque</span> <span class='ocrx_word' id='word_1_188' title='bbox 1328 3300 1534 3358; x_wconf 88' lang='lat' dir='ltr'>oculos</span> <span class='ocrx_word' id='word_1_189' title='bbox 1574 3298 1859 3357; x_wconf 86' lang='lat' dir='ltr'>radicitus</span> <span class='ocrx_word' id='word_1_190' title='bbox 1907 3299 2096 3357; x_wconf 85' lang='lat' dir='ltr'>ambo</span> 
     </span>
     <span class='ocr_line' id='line_1_34' title="bbox 436 3383 1742 3444; baseline 0.002 -5"><span class='ocrx_word' id='word_1_191' title='bbox 436 3383 709 3440; x_wconf 82' lang='lat' dir='ltr'>Invidiae</span> <span class='ocrx_word' id='word_1_192' title='bbox 748 3386 1038 3444; x_wconf 86' lang='lat' dir='ltr'>informes</span> <span class='ocrx_word' id='word_1_193' title='bbox 1083 3385 1255 3442; x_wconf 85' lang='lat' dir='ltr'>duxit</span> <span class='ocrx_word' id='word_1_194' title='bbox 1294 3386 1356 3441; x_wconf 92' lang='lat' dir='ltr'>in</span> <span class='ocrx_word' id='word_1_195' title='bbox 1398 3405 1501 3443; x_wconf 90' lang='lat' dir='ltr'>ore</span> <span class='ocrx_word' id='word_1_196' title='bbox 1546 3394 1742 3443; x_wconf 77' lang='lat' dir='ltr'>notas·</span> 
     </span>
    </p>

    <p class='ocr_par' dir='ltr' id='par_1_20' title="bbox 350 3466 1982 3631">
     <span class='ocr_line' id='line_1_35' title="bbox 350 3466 1982 3547; baseline -0.003 -20"><span class='ocrx_word' id='word_1_197' title='bbox 350 3466 421 3528; x_wconf 85' lang='lat' dir='ltr'>Si</span> <span class='ocrx_word' id='word_1_198' title='bbox 464 3477 665 3526; x_wconf 88' lang='lat' dir='ltr'>tamen</span> <span class='ocrx_word' id='word_1_199' title='bbox 702 3470 754 3528; x_wconf 86' lang='lat' dir='ltr'>is</span> <span class='ocrx_word' id='word_1_200' title='bbox 801 3471 983 3527; x_wconf 88' lang='lat' dir='ltr'>fuerit</span> <span class='ocrx_word' id='word_1_201' title='bbox 1022 3471 1437 3528; x_wconf 86' lang='lat' dir='ltr'>Misumenos:</span> <span class='ocrx_word' id='word_1_202' title='bbox 1486 3479 1581 3528; x_wconf 87' lang='lat' dir='ltr'>ast</span> <span class='ocrx_word' id='word_1_203' title='bbox 1625 3489 1731 3547; x_wconf 85' lang='lat' dir='ltr'>ego</span> <span class='ocrx_word' id='word_1_204' title='bbox 1775 3475 1982 3525; x_wconf 86' lang='lat' dir='ltr'>contra</span> 
     </span>
     <span class='ocr_line' id='line_1_36' title="bbox 437 3554 1829 3631; baseline -0.001 -20"><span class='ocrx_word' id='word_1_205' title='bbox 437 3554 769 3631; x_wconf 89' lang='lat' dir='ltr'>Dyscolos,</span> <span class='ocrx_word' id='word_1_206' title='bbox 815 3555 1117 3630; x_wconf 88' lang='lat' dir='ltr'>aspiciens</span> <span class='ocrx_word' id='word_1_207' title='bbox 1164 3574 1278 3613; x_wconf 90' lang='lat' dir='ltr'>nec</span> <span class='ocrx_word' id='word_1_208' title='bbox 1319 3555 1829 3614; x_wconf 86' lang='lat' dir='ltr'>Periciromcnen.</span> 
     </span>
    </p>
   </div>
  </div>
 </body>
</html>
