2452 4186
1079 339 1202 398 337

226 503 339 563 cui
386 506 645 582 gratiam
694 508 850 565 sacri
895 527 1111 566 novam
1153 509 1568 569 redandruans

221 589 723 651 Nefrondinosus
769 593 1125 667 Esquilinus
1173 595 1424 667 Laome,

222 675 416 733 Leoni
465 676 741 751 adempto
781 678 1063 753 prandio,
1100 679 1419 753 implicans
1456 680 1648 752 rubis,

226 759 513 837 Segetem
558 762 787 820 vetabit
828 764 1063 822 eruisse
1102 764 1374 823 funditus

223 845 419 904 Vasto
465 846 686 904 molari
732 847 1086 922 matriisque
1128 849 1501 925 querqueris.

227 928 425 989 Cerno
475 949 796 1005 sequacem
839 932 961 989 iam
1004 953 1297 1009 napuram
1341 935 1608 993 luctuum

224 1016 382 1074 Mari
424 1015 761 1073 trahentem
811 1025 873 1074 et
915 1028 1338 1076 conserentem
1383 1020 1618 1095 patriae

225 1100 426 1161 Minas
475 1101 714 1159 feroces
760 1111 820 1159 et
861 1102 1162 1161 malorum
1202 1104 1503 1162 incendia.

110 1231 122 1241 .
227 1189 426 1260 Atque
473 1185 703 1243 utinam
747 1187 811 1244 in
847 1187 989 1246 Issa
1033 1196 1092 1246 te
1136 1186 1430 1247 Camillus
1467 1189 1672 1246 insula

226 1269 375 1329 Non
420 1280 809 1346 procreasset
847 1273 1109 1331 hostium
1153 1282 1428 1332 nostrum
1477 1276 1711 1346 ducem,

229 1356 527 1431 Quartum
575 1366 772 1414 satum
818 1376 897 1415 ex
939 1358 1187 1417 Atlante
1235 1358 1474 1417 destina
1521 1359 1676 1430 covi,

225 1439 382 1499 Tuis
428 1449 747 1517 parantem
796 1442 1018 1499 damna
1061 1444 1333 1519 cognatis
1374 1443 1609 1520 Prylin‚

228 1524 436 1602 Sagax
486 1544 755 1601 aruspex
800 1547 942 1585 vere
983 1528 1060 1584 ad
1105 1528 1312 1586 omnia
1357 1530 1619 1606 optima:

223 1611 532 1686 Paterque
560 1611 752 1669 iussis
795 1614 1021 1672 Aesaci
1066 1613 1318 1670 fanatici

223 1694 376 1754 Non
424 1696 833 1771 improbasset
876 1698 1053 1774 signa
1095 1698 1293 1755 noctis
1343 1697 1569 1770 arcula,

227 1780 516 1840 Celasset
556 1800 677 1838 uno
720 1781 829 1840 sed
867 1782 1020 1840 duos
1060 1802 1172 1859 pro
1216 1784 1413 1857 patria

224 1867 406 1938 Fam,
453 1884 743 1941 perurens
786 1869 1060 1925 membra
1097 1868 1353 1925 Lemnio
1395 1886 1567 1944 rogo.

226 1950 377 2012 Non
425 1960 518 2008 tot
561 1952 857 2009 malorum
902 1969 1063 2010 nunc
1103 1952 1376 2028 procella
1423 1958 1713 2030 surgeret.

223 2036 595 2096 Portumnus
647 2057 723 2093 en
769 2046 973 2096 cernet
1015 2039 1373 2096 nefrendum
1418 2038 1688 2096 carnifex

223 2123 276 2182 F
282 2142 492 2181 ervere
536 2124 760 2200 mergis
810 2124 1222 2200 spartisirpeis
1271 2144 1452 2182 anum

228 2207 451 2267 Glauci
494 2208 743 2265 Terenti
789 2209 1099 2285 coniugem
1141 2209 1464 2267 Titaniam.

225 2293 365 2351 Iam
401 2292 520 2351 duo
567 2300 861 2350 necantur
907 2311 1040 2349 cum
1084 2303 1337 2369 parente
1379 2294 1655 2369 pignera,

227 2378 536 2437 Humeros
584 2378 794 2435 molari
837 2377 1083 2435 coclaca
1130 2378 1324 2434 fracto
1372 2377 1591 2436 Ducis:

227 2463 404 2536 Quae
448 2463 757 2521 sabulonis
803 2470 1092 2537 apparata
1134 2463 1415 2538 fugerant

226 2548 425 2606 Vanis
468 2547 725 2622 loquelis
772 2547 931 2604 alvei
979 2547 1349 2623 discrimina,

228 2632 351 2692 Cui
394 2641 609 2690 cuncta
653 2632 904 2690 credens
955 2632 1059 2690 ille
1108 2641 1297 2691 tortor
1339 2631 1618 2702 liberum,

228 2720 580 2794 Mergorum
629 2717 932 2789 alumnus,
987 2717 1366 2795 pisculentae
1409 2713 1711 2791 compedis

228 2803 494 2876 Praeda',
541 2803 760 2861 ostreis
796 2801 1109 2880 valgisque
1148 2802 1382 2860 Naritis
1427 2819 1657 2872 comes,

228 2889 421 2947 Fetus
467 2888 762 2964 gemellos
804 2886 984 2946 clusit
1023 2907 1146 2945 uno
1193 2888 1482 2963 ploxeno.

234 2972 508 3046 Cumque
547 2973 642 3030 his
693 2972 882 3030 miser
922 2991 1047 3030 non
1088 2973 1297 3030 matris
1345 2972 1665 3029 advertens
1705 2968 1853 3026 deae

228 3058 574 3132 Praecepta
615 3059 926 3129 Mnamon‚
980 3057 1090 3114 sed
1136 3066 1385 3115 veterno
1434 3056 1716 3126 obliviu8‚

233 3141 487 3219 Suppus
533 3144 859 3214 recumbet5
907 3150 1119 3218 pectus
1169 3161 1317 3200 ense
1365 3141 1626 3199 saucius·

228 3226 420 3287 Nunc
460 3247 620 3285 nunc
658 3228 845 3304 gemit
880 3227 1139 3302 Myrina,
1189 3246 1351 3283 nunc
1390 3224 1812 3302 praesentiunt

227 3313 561 3372 Hinnitum
609 3332 891 3387 equorum
937 3310 1232 3369 l·ittorales
1271 3312 1599 3388 margine8‚

226 3398 362 3459 Ubi
405 3397 734 3477 Pelasgum
776 3398 1043 3455 lubricae
1083 3397 1305 3455 saltum
1345 3396 1537 3471 pedae

223 3485 503 3543 Librans
543 3483 849 3558 crepidine
892 3482 1104 3539 ultima
1147 3482 1414 3539 fremens
1454 3481 1633 3556 lupus

223 3569 459 3629 Fontis
501 3568 731 3626 creabit
776 3587 809 3625 e
854 3568 1107 3627 saburra
1145 3566 1464 3644 gurgitem,

1574 3674 1653 3735 22

2057 847 2160 899 215

2056 1276 2161 1328 220

2059 1700 2160 1754 225

2060 2137 2163 2189 230

2060 2557 2162 2610 235

2061 2984 2166 3036 240

2063 3411 2164 3464 245
