2452 4186
1250 292 1329 352 94

375 464 671 538 Dousius,
712 463 944 539 accepit
987 481 1139 541 gens
1181 480 1217 518 a
1257 480 1370 535 quo
1413 459 1645 517 Dousia
1689 477 1934 533 nomen,

457 550 539 608 Et
580 568 756 626 genS,
805 559 865 606 et
906 548 1127 607 veteris
1170 546 1367 624 gentis
1413 545 1573 601 avita
1616 543 1853 602 domus.

375 633 605 695 Cuncta
649 635 858 692 favent
897 633 1184 704 lacrimis,
1226 631 1545 705 sociosque
1588 629 1650 686 in
1694 629 1891 689 tristia
1938 638 2149 689 nostra

463 719 869 780 Contribuunt
906 720 1082 776 fletus
1128 717 1388 775 faemina
1432 715 1640 788 virque
1685 733 1852 773 suos.
2102 730 2113 740 ’

374 807 455 866 Et
496 805 713 880 quibus
762 805 1081 864 exstiteras
1120 802 1286 859 vultu
1329 800 1425 857 vel
1467 800 1714 857 nomine
1757 809 1961 873 notuS,

463 889 765 950 Omnibus
803 889 1086 965 indignus
1130 886 1430 944 contrahit
1470 905 1576 943 ora
1611 884 1797 961 rigor.

375 976 492 1034 Ille
537 974 724 1032 refert
768 974 928 1031 culto
977 973 1176 1048 largas
1221 972 1284 1028 in
1329 977 1574 1046 pectore
1622 969 1818 1028 dotes.

461 1059 643 1118 Hunc
686 1059 878 1134 tangit
918 1057 1214 1133 probitas,
1260 1064 1319 1112 et
1369 1054 1500 1114 sine
1543 1054 1681 1111 labe
1724 1055 1897 1114 fides.

376 1145 643 1204 Exactos
694 1143 846 1201 alius
892 1160 1191 1218 generoso
1239 1139 1475 1216 pumice
1521 1158 1757 1211 versuS,

461 1228 634 1288 Alter
677 1228 985 1285 convictus
1034 1226 1234 1284 dulcia
1276 1226 1545 1282 membra
1583 1226 1687 1281 tui.

377 1311 662 1388 Quotque
709 1314 795 1370 tui
837 1312 1034 1369 meriti
1075 1319 1277 1388 partes
1327 1312 1386 1366 in
1428 1318 1629 1366 mente
1672 1310 1942 1382 revolvit,

465 1397 591 1456 Tot
635 1397 778 1456 iusti
829 1416 1043 1455 causas
1079 1396 1183 1453 ille
1229 1394 1445 1452 doloris
1492 1394 1689 1451 habet.

376 1486 497 1545 Ast
534 1502 644 1559 ego
686 1490 1004 1541 convertor
1047 1480 1233 1539 facies
1275 1481 1549 1537 diversus
1597 1479 1660 1535 in
1702 1497 1939 1550 omneS,

465 1568 641 1626 Unde
689 1568 811 1625 mei¹
846 1568 1062 1624 dubius
1106 1565 1387 1622 carminis
1436 1582 1577 1622 orsa
1616 1573 1842 1640 petam,

376 1653 539 1712 Dum
583 1661 726 1726 quot
758 1652 1039 1710 virtutum
1078 1650 1261 1707 fuerit
1303 1649 1411 1706 tibi
1456 1650 1652 1724 copia,
1700 1669 1928 1725 pr0m0,

432 1735 622 1809 'Quot
659 1737 906 1808 fuerint,
952 1736 1013 1792 in
1059 1744 1120 1792 te
1174 1753 1328 1811 quae
1372 1734 1572 1792 coiere
1612 1736 1791 1792 bona.

379 1821 543 1880 Hinc
587 1842 682 1879 me
711 1821 1023 1892 nobilitas,
1066 1820 1204 1877 hinc
1244 1839 1339 1876 me
1381 1828 1501 1890 tua,
1550 1838 1782 1878 summe
1823 1819 2119 1890 virorum,

462 1907 696 1979 Virtute,
751 1916 811 1964 et
845 1906 1142 1982 probitas,
1188 1913 1249 1962 et
1289 1905 1393 1980 pia
1433 1905 1555 1962 vita
1593 1906 1769 1981 rapit.

379 1990 542 2051 Nam
588 1992 696 2050 tibi
743 2009 893 2065 quae
933 1989 1192 2049 sublime
1237 2008 1428 2066 genus
1478 1998 1687 2048 natura
1735 1995 1964 2059 creato,

464 2076 635 2135 Haec
678 2076 886 2135 eadem
932 2095 1137 2134 mores
1176 2075 1605 2152 ingeniumque
1653 2075 1836 2132 dedit.

379 2165 496 2221 Ast
536 2180 924 2237 quaecunque
971 2162 1180 2219 domus
1234 2161 1416 2217 fuerit
1451 2160 1556 2218 lux
1595 2180 1817 2238 *magna
1859 2160 2098 2227 beatae,

465 2247 703 2324 Ingenii
744 2246 974 2304 dociles
1020 2266 1137 2303 non
1183 2254 1384 2303 tamen
1428 2254 1647 2320 aequat
1692 2264 1864 2321 opes.

380 2333 495 2391 Est
534 2332 780 2407 aliquid,
828 2332 1056 2402 fateor;
1104 2332 1300 2389 clarae
1345 2349 1495 2404 quae
1540 2331 1738 2408 gentis
1782 2331 1856 2388 ab
1907 2334 2043 2384 ortu

467 2417 659 2477 Missa
696 2436 808 2494 per
844 2417 1190 2475 innumeros
1238 2416 1432 2494 gloria
1465 2415 1657 2493 fulget
1702 2434 1866 2487 aVOS,

380 2503 461 2561 Et
501 2502 677 2560 nitidi
725 2503 970 2579 generis
1011 2504 1231 2561 seriem
1274 2502 1567 2558 deducere
1609 2501 1852 2577 longam

467 2588 524 2645 A
568 2588 802 2665 magnis
850 2596 983 2645 orta
1026 2588 1344 2646 nobilitate
1389 2586 1557 2644 viris.

384 2671 506 2733 Sed
545 2674 738 2731 maior
781 2673 913 2731 laus
957 2682 1054 2731 est
1096 2673 1286 2730 titulis
1328 2692 1363 2727 a
1411 2679 1611 2729 mente
1658 2669 1864 2746 petitis

466 2754 615 2815 Non
656 2757 854 2816 sinere
895 2757 1204 2833 ingenium
1252 2757 1459 2833 stirpis
1510 2758 1745 2815 honore
1783 2752 1996 2831 premi.

384 2841 480 2899 Tu
527 2861 762 2917 quoque
809 2861 991 2917 quum
1036 2860 1260 2917 posses
1307 2843 1542 2899 censeri
1592 2842 1768 2898 laude
1819 2849 2087 2910 tuorum,

466 2929 761 2985 Auctores
808 2927 1050 3003 generis
1097 2945 1251 3001 quos
1295 2935 1433 2984 tuus
1481 2936 1646 2984 ortus
1694 2928 1892 2998 habet,

383 3010 484 3068 Ne
528 3020 629 3069 tua
671 3032 783 3088 per
824 3030 1075 3088 segnem
1123 3020 1458 3068 marcerent
1497 3019 1773 3086 tempora
1814 3010 2022 3080 vitam,

475 3095 741 3156 Sacrasti
779 3097 998 3154 Aoniis
1045 3095 1169 3154 otia
1205 3103 1336 3153 tuta
1371 3096 1591 3154 choriS.

385 3180 562 3238 Tunc
602 3180 888 3241 Cirrhaea
933 3201 1043 3240 suo
1090 3188 1411 3258 patuerunt
1450 3182 1617 3257 orgia
1666 3182 1804 3252 vati,

471 3267 551 3323 Et
588 3267 695 3324 tibi
746 3268 821 3344 de
868 3267 1045 3324 viridi
1084 3265 1242 3323 lecta
1283 3285 1503 3325 corona
1539 3267 1702 3343 iugo.

386 3351 593 3410 Prima
628 3352 739 3408 tibi
781 3352 946 3409 facili
989 3352 1205 3410 ludens
1248 3350 1462 3429 Elegia
1505 3352 1749 3409 iuventa

471 3435 676 3493 Dictat
719 3436 781 3492 in
827 3438 1090 3496 alternos
1137 3438 1321 3495 verba
1362 3445 1568 3494 coacta
1607 3437 1829 3512 pedes:

386 3522 466 3580 Et
508 3521 619 3579 tibi
663 3521 989 3583 subiiciens
1031 3521 1272 3581 blandis
1313 3522 1591 3580 incendia
1628 3520 1884 3580 flammis
