2452 4186
1062 319 1185 377 275

701 533 708 541 .
786 481 1025 564 Μηκέτι
1066 506 1151 552 τις
1189 483 1453 566 πτήὲειε.
1843 488 2035 566 ζ(49)

215 570 461 630 Frustra
506 570 728 645 aliquis
772 580 993 646 paveat
1035 574 1167 630 fera
1206 572 1329 631 tela
1372 570 1710 649 Cupidinis.
1753 572 1867 630 Ille

292 655 521 714 Totum
562 656 626 712 in
669 675 768 714 me
811 656 1129 732 pharon-ae
1172 657 1294 714 iam
1337 657 1614 715 vacuavit
1661 675 1836 715 onus.
1875 684 1878 687 ·

213 741 458 800 Frustra
501 741 680 797 etiam
723 741 991 800 assultus
1033 742 1283 800 alarum.
1332 740 1499 799 Nam
1528 742 1676 799 mihi
1705 750 2033 819 postquam

290 825 628 902 hpositus
664 827 923 902 pedibus
962 836 1212 902 pectora
1255 826 1481 903 pressit
1524 830 1736 901 Amor,

213 909 446 969 Firmus
489 911 849 984 inhaerebit,
898 912 1283 987 stabilisque:
1324 931 1520 987 neque
1560 912 1701 969 inde
1743 913 2031 986 facesset,

293 994 549 1068 Quando
596 996 659 1054 in
702 1016 800 1054 me
847 1016 1081 1072 pennas
1124 996 1384 1056 abscidit
1425 996 1531 1054 ille
1576 1015 1739 1056 suas.

739 1155 899 1222 Οὔτε
947 1160 1129 1243 ῥόδον
1179 1163 1516 1245 στεφάνων.
1839 1166 1872 1233 ζ
1890 1167 2031 1244 (50)

216 1246 292 1306 Ut
326 1267 475 1306 rosa
519 1268 643 1306 non
687 1248 888 1306 minor
926 1258 1019 1308 est
1059 1259 1256 1309 serto:
1305 1251 1395 1309 sic
1437 1251 1710 1310 vestibus
1752 1251 1905 1327 ipsis

292 1332 435 1390 Non
481 1351 569 1404 es,
617 1334 932 1410 gemmatis
978 1335 1324 1394 reticulisve
1370 1335 1587 1394 minor.

214 1415 595 1494 Candorique
642 1425 744 1477 tuo
784 1420 1034 1476 baccata
1073 1420 1326 1479 monilia
1366 1420 1605 1492 cedunt,

291 1503 689 1580 Impexisque
734 1504 868 1561 auri
914 1506 1074 1563 flava
1113 1505 1304 1563 nitela
1349 1505 1558 1566 comis.

212 1587 356 1646 Inde
401 1588 643 1663 quidem
689 1588 906 1646 rutilos
949 1590 1310 1666 hyacinthus
1356 1589 1626 1667 fulgurat
1664 1590 1862 1667 ignes,

289 1673 652 1732 Luminibus
698 1674 872 1730 cedat
914 1675 1023 1732 sed
1060 1684 1263 1733 tamen
1303 1675 1443 1752 ipsa
1481 1665 1654 1733 tuisf

211 1757 606 1818 Roscidulum
653 1758 835 1817 decus
885 1760 1031 1833 oris,
1080 1769 1138 1819 et
1190 1761 1508 1818 emendata
1549 1759 1833 1834 loquelae

292 1843 500 1904 Suada
539 1851 700 1915 tuae,
746 1844 1004 1903 Veneris
1043 1846 1185 1921 quid
1225 1846 1348 1904 nisi
1385 1852 1585 1903 cestus
1630 1845 1685 1903 is
1729 1844 1862 1903 est?

214 1927 441 1988 Cuncta
486 1929 776 1986 haecme
816 1929 1059 1988 furiant.
1116 1930 1224 1989 sed
1266 1949 1363 1988 me
1407 1929 1683 1990 solantur
1733 1928 1946 1988 ocelliz

288 2015 365 2072 In
405 2014 541 2088 quis
591 2032 732 2090 spes
780 2015 957 2073 sedes
1004 2016 1139 2074 fixit
1179 2016 1375 2073 amica
1419 2033 1583 2075 suas.

707 2179 831 2264 Τὴν
883 2183 1018 2262 πρὶν
1062 2182 1554 2264 ἐνεσφρήγισσεν.
1841 2184 2031 2262 ζ(51)

214 2270 323 2327 Illa
361 2270 452 2327 tui
496 2269 695 2333 vultus
738 2270 1042 2344 quondam
1085 2271 1429 2346 praesentis
1472 2271 1672 2346 imago

256 2405 263 2409 .
294 2352 487 2427 Quam
530 2355 700 2431 prius
737 2355 800 2412 in
839 2361 1051 2412 nostro
1097 2364 1342 2429 pectore
1392 2354 1646 2429 sculpsit
1682 2357 1892 2424 Amor,

212 2439 512 2516 Expuitur
552 2439 688 2497 tibi:
734 2459 829 2496 me
870 2438 1182 2498 miseram:
1230 2457 1436 2496 verum
1477 2457 1599 2495 una
1642 2437 1880 2496 decoris

292 2524 491 2584 Corde
537 2543 675 2583 meo
721 2524 957 2601 species
1002 2531 1120 2582 stat
1162 2523 1311 2580 mihi
1348 2523 1572 2598 scripta
1617 2523 1722 2580 tui.

215 2607 455 2669 Scilicet
498 2610 657 2667 hanc
703 2610 882 2682 Orco,
928 2610 1084 2666 hanc
1127 2608 1466 2680 ostendam,
1515 2609 1791 2680 barbare,
1841 2606 1990 2682 Soli,

294 2693 579 2753 Criminis
619 2703 686 2752 ut
724 2695 950 2762 vindex
1002 2692 1229 2753 Cressa
1279 2694 1357 2752 sit
1401 2712 1555 2750 urna
1596 2693 1703 2750 tui.

772 2857 1041 2941 Δηθὺνει
1085 2856 1489 2941 Κλεοφάντις.
1837 2860 2031 2941 ζ(52)

214 2946 294 3007 Ut
327 2955 530 3007 cessat
574 2946 1009 3022 Cleophantis?
1046 2947 1242 3005 adhuc
1283 2948 1405 3005 iam
1449 2948 1628 3005 tertia
1675 2947 1878 3023 coepit

291 3032 549 3092 Lumine
582 3032 933 3109 languidulo
971 3050 1156 3109 parca
1196 3032 1444 3090 lucerna
1483 3033 1657 3092 mori.

213 3116 306 3173 Ah
345 3126 556 3194 pereat
595 3117 797 3176 cordis
844 3118 932 3178 sic
977 3119 1238 3188 flamma,
1281 3126 1347 3174 ut
1390 3118 1631 3175 flamma
1668 3115 1984 3176 lucernae:

278 3201 426 3269 ,Nec
467 3222 569 3260 me
608 3203 890 3280 pervigili
925 3209 1154 3261 torreat
1192 3202 1299 3258 illa
1340 3202 1492 3259 face.

213 3287 308 3345 Ah
348 3288 589 3362 quoties
637 3289 936 3345 Venerem
977 3289 1283 3346 iuraverat
1326 3287 1537 3358 affore,
1584 3286 1774 3361 primo

294 3372 606 3449 Vespere?
646 3373 734 3431 nil
772 3373 1074 3445 homines,
1122 3372 1208 3429 nil
1250 3372 1396 3429 facit
1432 3371 1543 3429 illa
1577 3371 1762 3431 Deos.

1499 3553 1625 3614 18*
