<?xml version="1.0" encoding="UTF-8"?>
<!DOCTYPE html PUBLIC "-//W3C//DTD XHTML 1.0 Transitional//EN"
    "http://www.w3.org/TR/xhtml1/DTD/xhtml1-transitional.dtd">
<html xmlns="http://www.w3.org/1999/xhtml" xml:lang="en" lang="en">
 <head>
  <title>
</title>
<meta http-equiv="Content-Type" content="text/html;charset=utf-8" />
  <meta name='ocr-system' content='tesseract 3.04.00' />
  <meta name='ocr-capabilities' content='ocr_page ocr_carea ocr_par ocr_line ocrx_word'/>
</head>
<body>
  <div class='ocr_page' id='page_1' title='image "./iosephiscaliger02scalgoog/iosephiscaliger02scalgoog_0227.png"; bbox 0 0 2452 4186; ppageno 0'>
   <div class='ocr_carea' id='block_1_1' title="bbox 1090 294 1214 360">
    <p class='ocr_par' dir='ltr' id='par_1_1' title="bbox 1090 294 1214 360">
     <span class='ocr_line' id='line_1_1' title="bbox 1090 294 1214 360; baseline 0 -2"><span class='ocrx_word' id='word_1_1' title='bbox 1090 294 1214 360; x_wconf 70' lang='lat' dir='ltr'><em>m</em></span> 
     </span>
    </p>
   </div>
   <div class='ocr_carea' id='block_1_2' title="bbox 205 454 1807 885">
    <p class='ocr_par' dir='ltr' id='par_1_2' title="bbox 205 454 1807 800">
     <span class='ocr_line' id='line_1_2' title="bbox 317 454 1807 546; baseline -0.002 -20"><span class='ocrx_word' id='word_1_2' title='bbox 317 460 448 526; x_wconf 80' lang='grc' dir='ltr'>οὔτ’</span> <span class='ocrx_word' id='word_1_3' title='bbox 483 460 667 543; x_wconf 80' lang='grc' dir='ltr'>Ἀρη,</span> <span class='ocrx_word' id='word_1_4' title='bbox 715 457 788 521; x_wconf 77' lang='grc' dir='ltr'>οὐ</span> <span class='ocrx_word' id='word_1_5' title='bbox 834 454 1080 546; x_wconf 73' lang='grc' dir='ltr'>Βορρᾶν</span> <span class='ocrx_word' id='word_1_6' title='bbox 1127 461 1311 528; x_wconf 76' lang='grc' dir='ltr'>οὐδὲν</span> <span class='ocrx_word' id='word_1_7' title='bbox 1359 458 1601 544; x_wconf 79' lang='grc' dir='ltr'>ἐπιστρέ</span> <span class='ocrx_word' id='word_1_8' title='bbox 1687 483 1807 537; x_wconf 81' lang='grc' dir='ltr'>ται,</span> 
     </span>
     <span class='ocr_line' id='line_1_3' title="bbox 233 543 1785 630; baseline -0.002 -19"><span class='ocrx_word' id='word_1_9' title='bbox 233 547 335 611; x_wconf 82' lang='grc' dir='ltr'>καὶ</span> <span class='ocrx_word' id='word_1_10' title='bbox 376 545 607 627; x_wconf 83' lang='grc' dir='ltr'>Στυγὸς</span> <span class='ocrx_word' id='word_1_11' title='bbox 653 544 710 608; x_wconf 82' lang='grc' dir='ltr'>εἰ</span> <span class='ocrx_word' id='word_1_12' title='bbox 750 543 1096 625; x_wconf 80' lang='grc' dir='ltr'>τενάγεσσιν</span> <span class='ocrx_word' id='word_1_13' title='bbox 1145 545 1418 630; x_wconf 78' lang='grc' dir='ltr'>ἐρέσσων</span> <span class='ocrx_word' id='word_1_14' title='bbox 1463 545 1595 628; x_wconf 80' lang='grc' dir='ltr'>ἑδρι</span> <span class='ocrx_word' id='word_1_15' title='bbox 1637 568 1785 623; x_wconf 91' lang='grc' dir='ltr'>ωτο,</span> 
     </span>
     <span class='ocr_line' id='line_1_4' title="bbox 205 626 1651 716; baseline 0.003 -23"><span class='ocrx_word' id='word_1_16' title='bbox 205 639 211 647; x_wconf 88' lang='grc'><em>“</em></span> <span class='ocrx_word' id='word_1_17' title='bbox 320 630 587 699; x_wconf 76' lang='grc' dir='ltr'>ὁλκάδος</span> <span class='ocrx_word' id='word_1_18' title='bbox 633 626 931 713; x_wconf 81' lang='grc' dir='ltr'>εἰσορόων</span> <span class='ocrx_word' id='word_1_19' title='bbox 974 632 1207 716; x_wconf 88' lang='grc' dir='ltr'>λεῦφος</span> <span class='ocrx_word' id='word_1_20' title='bbox 1256 629 1651 715; x_wconf 79' lang='grc' dir='ltr'>ὑποχθονίης,</span> 
     </span>
     <span class='ocr_line' id='line_1_5' title="bbox 235 713 1632 800; baseline -0.001 -22"><span class='ocrx_word' id='word_1_21' title='bbox 235 716 292 779; x_wconf 79' lang='grc' dir='ltr'>εἰ</span> <span class='ocrx_word' id='word_1_22' title='bbox 333 716 436 778; x_wconf 83' lang='grc' dir='ltr'>τὸν</span> <span class='ocrx_word' id='word_1_23' title='bbox 481 713 806 800; x_wconf 70' lang='grc' dir='ltr'>δεσποίνης</span> <span class='ocrx_word' id='word_1_24' title='bbox 843 713 1136 798; x_wconf 80' lang='grc' dir='ltr'>ἀριήκοος</span> <span class='ocrx_word' id='word_1_25' title='bbox 1181 713 1328 780; x_wconf 80' lang='grc' dir='ltr'>αῦεν</span> <span class='ocrx_word' id='word_1_26' title='bbox 1373 715 1632 798; x_wconf 86' lang='grc' dir='ltr'>όμοκλὴ,</span> 
     </span>
    </p>

    <p class='ocr_par' dir='ltr' id='par_1_3' title="bbox 318 796 1587 885">
     <span class='ocr_line' id='line_1_6' title="bbox 318 796 1587 885; baseline -0.002 -23"><span class='ocrx_word' id='word_1_27' title='bbox 318 796 405 884; x_wconf 78' lang='grc' dir='ltr'>ἂψ</span> <span class='ocrx_word' id='word_1_28' title='bbox 452 798 851 884; x_wconf 82' lang='grc' dir='ltr'>ἀναχωρήσει</span> <span class='ocrx_word' id='word_1_29' title='bbox 894 798 1001 882; x_wconf 85' lang='grc' dir='ltr'>τὴν</span> <span class='ocrx_word' id='word_1_30' title='bbox 1042 799 1373 885; x_wconf 79' lang='grc' dir='ltr'>ἀθέμιστον</span> <span class='ocrx_word' id='word_1_31' title='bbox 1421 797 1587 863; x_wconf 86' lang='grc' dir='ltr'>ὁδόν.</span> 
     </span>
    </p>
   </div>
   <div class='ocr_carea' id='block_1_3' title="bbox 997 381 1297 390">
    <p class='ocr_par' dir='ltr' id='par_1_4' title="bbox 997 381 1297 390">
     <span class='ocr_line' id='line_1_7' title="bbox 997 381 1297 390; baseline 0 3796"><span class='ocrx_word' id='word_1_32' title='bbox 997 381 1297 390; x_wconf 95' lang='lat' dir='ltr'> </span> 
     </span>
    </p>
   </div>
   <div class='ocr_carea' id='block_1_4' title="bbox 231 970 2064 3590">
    <p class='ocr_par' dir='ltr' id='par_1_5' title="bbox 233 970 1951 1329">
     <span class='ocr_line' id='line_1_8' title="bbox 444 970 1905 1050; baseline -0.001 -19"><span class='ocrx_word' id='word_1_33' title='bbox 444 971 737 1032; x_wconf 77' lang='lat' dir='ltr'>Eiusdem</span> <span class='ocrx_word' id='word_1_34' title='bbox 778 972 997 1050; x_wconf 82' lang='lat' dir='ltr'>Elegia</span> <span class='ocrx_word' id='word_1_35' title='bbox 1034 971 1188 1032; x_wconf 87' lang='lat' dir='ltr'>XVI</span> <span class='ocrx_word' id='word_1_36' title='bbox 1232 971 1399 1031; x_wconf 81' lang='lat' dir='ltr'><strong>Libr.</strong></span> <span class='ocrx_word' id='word_1_37' title='bbox 1439 972 1554 1030; x_wconf 91' lang='lat'>111.</span> <span class='ocrx_word' id='word_1_38' title='bbox 1601 971 1690 1048; x_wconf 83' lang='grc'>[4,</span> <span class='ocrx_word' id='word_1_39' title='bbox 1728 970 1851 1047; x_wconf 90' lang='grc'>17.]</span> <span class='ocrx_word' id='word_1_40' title='bbox 1887 1025 1905 1037; x_wconf 17' lang='grc' dir='ltr'>,Α</span> 
     </span>
     <span class='ocr_line' id='line_1_9' title="bbox 233 1051 1936 1162; baseline 0.001 -49"><span class='ocrx_word' id='word_1_41' title='bbox 233 1056 589 1158; x_wconf 60' lang='grc' dir='ltr'>γουνοῦμαι&gt;</span> <span class='ocrx_word' id='word_1_42' title='bbox 623 1051 752 1130; x_wconf 87' lang='grc' dir='ltr'>σέο,</span> <span class='ocrx_word' id='word_1_43' title='bbox 796 1051 1032 1159; x_wconf 68' lang='grc' dir='ltr'>Βάκχε,</span> <span class='ocrx_word' id='word_1_44' title='bbox 1076 1054 1462 1162; x_wconf 53' lang='grc' dir='ltr'>κυλινδηθεξς</span> <span class='ocrx_word' id='word_1_45' title='bbox 1505 1053 1675 1162; x_wconf 70' lang='grc' dir='ltr'>παρὰ</span> <span class='ocrx_word' id='word_1_46' title='bbox 1720 1055 1936 1138; x_wconf 75' lang='grc' dir='ltr'>βωμῷ.</span> 
     </span>
     <span class='ocr_line' id='line_1_10' title="bbox 233 1136 1951 1329; baseline 0.001 -45"><span class='ocrx_word' id='word_1_47' title='bbox 233 1160 481 1284; x_wconf 52' lang='grc' dir='ltr'>..αῗὲἕι</span> <span class='ocrx_word' id='word_1_48' title='bbox 498 1146 613 1305; x_wconf 56' lang='grc' dir='ltr'>γῖιρ</span> <span class='ocrx_word' id='word_1_49' title='bbox 635 1136 970 1307; x_wconf 52' lang='grc' dir='ltr'>ἐείζῗένᾮῖἒ</span> <span class='ocrx_word' id='word_1_50' title='bbox 980 1137 1350 1329; x_wconf 50' lang='grc' dir='ltr'>ῑὲεῗέἶξῗέἔὰ</span> <span class='ocrx_word' id='word_1_51' title='bbox 1367 1160 1705 1306; x_wconf 55' lang='lat'>‘’1222‘&#39;9252‘}</span> <span class='ocrx_word' id='word_1_52' title='bbox 1744 1220 1951 1310; x_wconf 48' lang='grc' dir='ltr'>ὄγκονί</span> 
     </span>
    </p>

    <p class='ocr_par' dir='ltr' id='par_1_6' title="bbox 231 1301 2064 3590">
     <span class='ocr_line' id='line_1_11' title="bbox 321 1301 1581 1391; baseline 0 -23"><span class='ocrx_word' id='word_1_53' title='bbox 321 1306 539 1383; x_wconf 77' lang='grc' dir='ltr'>δεξιὸς,</span> <span class='ocrx_word' id='word_1_54' title='bbox 581 1303 684 1390; x_wconf 77' lang='grc' dir='ltr'>ἠδ’</span> <span class='ocrx_word' id='word_1_55' title='bbox 732 1301 880 1391; x_wconf 73' lang='grc' dir='ltr'>οἴνῳ</span> <span class='ocrx_word' id='word_1_56' title='bbox 921 1306 1100 1389; x_wconf 79' lang='grc' dir='ltr'>κήδε’</span> <span class='ocrx_word' id='word_1_57' title='bbox 1147 1305 1581 1389; x_wconf 85' lang='grc' dir='ltr'>αλαλκέμεναι.</span> 
     </span>
     <span class='ocr_line' id='line_1_12' title="bbox 237 1389 1895 1475; baseline -0.002 -21"><span class='ocrx_word' id='word_1_58' title='bbox 237 1390 299 1454; x_wconf 85' lang='grc' dir='ltr'>ἐν</span> <span class='ocrx_word' id='word_1_59' title='bbox 347 1391 445 1453; x_wconf 85' lang='grc' dir='ltr'>σοὶ</span> <span class='ocrx_word' id='word_1_60' title='bbox 484 1392 523 1474; x_wconf 86' lang='grc' dir='ltr'><strong>ἢ</strong></span> <span class='ocrx_word' id='word_1_61' title='bbox 570 1391 678 1474; x_wconf 86' lang='grc' dir='ltr'>μὲν</span> <span class='ocrx_word' id='word_1_62' title='bbox 720 1392 979 1475; x_wconf 80' lang='grc' dir='ltr'>ἐρῶντες</span> <span class='ocrx_word' id='word_1_63' title='bbox 1020 1390 1350 1474; x_wconf 76' lang='grc' dir='ltr'>ἀρηρέμεν,</span> <span class='ocrx_word' id='word_1_64' title='bbox 1391 1391 1430 1474; x_wconf 85' lang='grc' dir='ltr'><strong>ἢ</strong></span> <span class='ocrx_word' id='word_1_65' title='bbox 1481 1392 1550 1473; x_wconf 77' lang='grc' dir='ltr'>δὲ</span> <span class='ocrx_word' id='word_1_66' title='bbox 1595 1389 1895 1453; x_wconf 76' lang='grc' dir='ltr'>λελῦσθαι</span> 
     </span>
     <span class='ocr_line' id='line_1_13' title="bbox 320 1472 1866 1559; baseline -0.001 -19"><span class='ocrx_word' id='word_1_67' title='bbox 320 1472 617 1559; x_wconf 84' lang='grc' dir='ltr'>ἔμμορον.</span> <span class='ocrx_word' id='word_1_68' title='bbox 666 1473 736 1538; x_wconf 76' lang='grc' dir='ltr'>εὖ</span> <span class='ocrx_word' id='word_1_69' title='bbox 774 1498 851 1558; x_wconf 86' lang='grc' dir='ltr'>με</span> <span class='ocrx_word' id='word_1_70' title='bbox 899 1481 1139 1559; x_wconf 84' lang='grc' dir='ltr'>φρενῶν</span> <span class='ocrx_word' id='word_1_71' title='bbox 1178 1480 1295 1538; x_wconf 85' lang='grc' dir='ltr'>πᾶν</span> <span class='ocrx_word' id='word_1_72' title='bbox 1346 1473 1663 1558; x_wconf 73' lang='grc' dir='ltr'>ἀπόμαξον</span> <span class='ocrx_word' id='word_1_73' title='bbox 1703 1472 1866 1555; x_wconf 81' lang='grc' dir='ltr'>ἄγος.</span> 
     </span>
     <span class='ocr_line' id='line_1_14' title="bbox 231 1557 2064 1645; baseline -0.001 -24"><span class='ocrx_word' id='word_1_74' title='bbox 231 1561 429 1622; x_wconf 88' lang='grc' dir='ltr'>τῶνδε</span> <span class='ocrx_word' id='word_1_75' title='bbox 474 1560 587 1645; x_wconf 84' lang='grc' dir='ltr'>γὰρ</span> <span class='ocrx_word' id='word_1_76' title='bbox 637 1560 710 1622; x_wconf 84' lang='grc' dir='ltr'>οὐ</span> <span class='ocrx_word' id='word_1_77' title='bbox 755 1561 938 1643; x_wconf 86' lang='grc' dir='ltr'>δηλοῖ</span> <span class='ocrx_word' id='word_1_78' title='bbox 984 1561 1042 1621; x_wconf 88' lang='grc' dir='ltr'>σ’</span> <span class='ocrx_word' id='word_1_79' title='bbox 1084 1560 1412 1643; x_wconf 82' lang='grc' dir='ltr'>ἀδαήμονα</span> <span class='ocrx_word' id='word_1_80' title='bbox 1435 1559 1482 1622; x_wconf 93' lang='grc' dir='ltr'><strong>Γ</strong></span> <span class='ocrx_word' id='word_1_81' title='bbox 1487 1560 1708 1626; x_wconf 88' lang='grc' dir='ltr'>νωσσὶς</span> <span class='ocrx_word' id='word_1_82' title='bbox 1734 1558 1796 1619; x_wconf 82' lang='grc' dir='ltr'>ἐν</span> <span class='ocrx_word' id='word_1_83' title='bbox 1820 1557 2064 1641; x_wconf 83' lang='grc' dir='ltr'>ἄστροις</span> 
     </span>
     <span class='ocr_line' id='line_1_15' title="bbox 317 1644 1549 1729; baseline -0.002 -22"><span class='ocrx_word' id='word_1_84' title='bbox 317 1644 480 1729; x_wconf 82' lang='grc' dir='ltr'>ἠέρα</span> <span class='ocrx_word' id='word_1_85' title='bbox 523 1645 691 1729; x_wconf 80' lang='grc' dir='ltr'>λυγΕὶ</span> <span class='ocrx_word' id='word_1_86' title='bbox 736 1648 901 1713; x_wconf 82' lang='grc' dir='ltr'>τεαῖς</span> <span class='ocrx_word' id='word_1_87' title='bbox 950 1644 1331 1728; x_wconf 82' lang='grc' dir='ltr'>εἰσαναβᾶσα</span> <span class='ocrx_word' id='word_1_88' title='bbox 1374 1644 1549 1728; x_wconf 82' lang='grc' dir='ltr'>κόρη.</span> 
     </span>
     <span class='ocr_line' id='line_1_16' title="bbox 235 1727 1947 1814; baseline -0.001 -22"><span class='ocrx_word' id='word_1_89' title='bbox 235 1728 453 1814; x_wconf 85' lang='grc' dir='ltr'>μέλλει</span> <span class='ocrx_word' id='word_1_90' title='bbox 491 1730 615 1813; x_wconf 83' lang='grc' dir='ltr'>μοὶ,</span> <span class='ocrx_word' id='word_1_91' title='bbox 660 1728 728 1791; x_wconf 90' lang='grc' dir='ltr'>τό</span> <span class='ocrx_word' id='word_1_92' title='bbox 772 1752 843 1812; x_wconf 77' lang='grc' dir='ltr'>γε</span> <span class='ocrx_word' id='word_1_93' title='bbox 890 1730 993 1813; x_wconf 86' lang='grc' dir='ltr'>μοὶ</span> <span class='ocrx_word' id='word_1_94' title='bbox 1038 1728 1419 1813; x_wconf 81' lang='grc' dir='ltr'>ἐνιτέτροφεν</span> <span class='ocrx_word' id='word_1_95' title='bbox 1468 1727 1754 1809; x_wconf 78' lang='grc' dir='ltr'>ὀστεόφιν</span> <span class='ocrx_word' id='word_1_96' title='bbox 1802 1731 1947 1812; x_wconf 93' lang='grc' dir='ltr'>πῦρ,</span> 
     </span>
     <span class='ocr_line' id='line_1_17' title="bbox 322 1812 1712 1898; baseline -0.001 -22"><span class='ocrx_word' id='word_1_97' title='bbox 322 1814 488 1898; x_wconf 80' lang='grc' dir='ltr'>μοῖρ’</span> <span class='ocrx_word' id='word_1_98' title='bbox 535 1814 688 1897; x_wconf 87' lang='grc' dir='ltr'>ὀλοὴ</span> <span class='ocrx_word' id='word_1_99' title='bbox 725 1814 1006 1889; x_wconf 77' lang='grc' dir='ltr'>παύσειν,</span> <span class='ocrx_word' id='word_1_100' title='bbox 1048 1814 1086 1897; x_wconf 88' lang='grc' dir='ltr'>ἢ</span> <span class='ocrx_word' id='word_1_101' title='bbox 1130 1816 1269 1882; x_wconf 89' lang='grc' dir='ltr'>τεὸς</span> <span class='ocrx_word' id='word_1_102' title='bbox 1313 1813 1496 1887; x_wconf 81' lang='grc' dir='ltr'>οἶνος,</span> <span class='ocrx_word' id='word_1_103' title='bbox 1543 1812 1712 1882; x_wconf 76' lang='grc' dir='ltr'>ἄναξ.</span> 
     </span>
     <span class='ocr_line' id='line_1_18' title="bbox 233 1897 1765 1982; baseline -0.001 -21"><span class='ocrx_word' id='word_1_104' title='bbox 233 1899 529 1982; x_wconf 81' lang='grc' dir='ltr'>νηφάλιοι</span> <span class='ocrx_word' id='word_1_105' title='bbox 567 1898 776 1966; x_wconf 81' lang='grc' dir='ltr'>νύκτες</span> <span class='ocrx_word' id='word_1_106' title='bbox 821 1898 1084 1981; x_wconf 86' lang='grc' dir='ltr'>μελέους</span> <span class='ocrx_word' id='word_1_107' title='bbox 1126 1898 1426 1982; x_wconf 83' lang='grc' dir='ltr'>τείρουσιν</span> <span class='ocrx_word' id='word_1_108' title='bbox 1477 1897 1765 1981; x_wconf 83' lang='grc' dir='ltr'>ἐρῶντας,</span> 
     </span>
     <span class='ocr_line' id='line_1_19' title="bbox 320 1982 1806 2067; baseline -0.001 -21"><span class='ocrx_word' id='word_1_109' title='bbox 320 1987 450 2051; x_wconf 83' lang='grc' dir='ltr'>τοῖς</span> <span class='ocrx_word' id='word_1_110' title='bbox 489 1984 659 2067; x_wconf 89' lang='grc' dir='ltr'>πάρα</span> <span class='ocrx_word' id='word_1_111' title='bbox 707 1983 958 2066; x_wconf 87' lang='grc' dir='ltr'>ἐλπωρὴ</span> <span class='ocrx_word' id='word_1_112' title='bbox 1014 1984 1197 2065; x_wconf 88' lang='grc' dir='ltr'>δεῖμά</span> <span class='ocrx_word' id='word_1_113' title='bbox 1238 1983 1292 2045; x_wconf 75' lang='grc' dir='ltr'>τ’</span> <span class='ocrx_word' id='word_1_114' title='bbox 1337 1982 1806 2065; x_wconf 82' lang='grc' dir='ltr'>ἐπαμφοτέρως.</span> 
     </span>
     <span class='ocr_line' id='line_1_20' title="bbox 236 2066 2021 2153; baseline -0.003 -20"><span class='ocrx_word' id='word_1_115' title='bbox 236 2070 291 2133; x_wconf 89' lang='grc' dir='ltr'>εἰ</span> <span class='ocrx_word' id='word_1_116' title='bbox 335 2068 610 2152; x_wconf 76' lang='grc' dir='ltr'>θερμοὺς</span> <span class='ocrx_word' id='word_1_117' title='bbox 652 2068 1001 2153; x_wconf 83' lang='grc' dir='ltr'>κροτάφους</span> <span class='ocrx_word' id='word_1_118' title='bbox 1046 2066 1144 2130; x_wconf 84' lang='grc' dir='ltr'>ἔπι</span> <span class='ocrx_word' id='word_1_119' title='bbox 1197 2070 1326 2137; x_wconf 85' lang='grc' dir='ltr'>σοῖς</span> <span class='ocrx_word' id='word_1_120' title='bbox 1370 2066 1752 2151; x_wconf 83' lang='grc' dir='ltr'>ἀγανόφροσι</span> <span class='ocrx_word' id='word_1_121' title='bbox 1796 2067 2021 2150; x_wconf 80' lang='grc' dir='ltr'>δώροις</span> 
     </span>
     <span class='ocr_line' id='line_1_21' title="bbox 321 2151 1724 2238; baseline -0.002 -22"><span class='ocrx_word' id='word_1_122' title='bbox 321 2154 508 2217; x_wconf 83' lang='grc' dir='ltr'>ῦπνον</span> <span class='ocrx_word' id='word_1_123' title='bbox 551 2153 614 2221; x_wconf 88' lang='grc' dir='ltr'>ἐς</span> <span class='ocrx_word' id='word_1_124' title='bbox 659 2155 808 2216; x_wconf 85' lang='grc' dir='ltr'>ὀστᾶ</span> <span class='ocrx_word' id='word_1_125' title='bbox 856 2153 995 2235; x_wconf 86' lang='grc' dir='ltr'>ἐμοὶ</span> <span class='ocrx_word' id='word_1_126' title='bbox 1037 2155 1300 2238; x_wconf 82' lang='grc' dir='ltr'>νήχυτον</span> <span class='ocrx_word' id='word_1_127' title='bbox 1341 2151 1724 2235; x_wconf 81' lang='grc' dir='ltr'>ἀγκαλέσεις,</span> 
     </span>
     <span class='ocr_line' id='line_1_22' title="bbox 235 2236 1746 2322; baseline -0.003 -19"><span class='ocrx_word' id='word_1_128' title='bbox 235 2240 459 2303; x_wconf 84' lang='grc' dir='ltr'>οἰνάδα</span> <span class='ocrx_word' id='word_1_129' title='bbox 505 2236 761 2322; x_wconf 87' lang='grc' dir='ltr'>φιτόσω,</span> <span class='ocrx_word' id='word_1_130' title='bbox 805 2237 903 2300; x_wconf 82' lang='grc' dir='ltr'>ἐπὶ</span> <span class='ocrx_word' id='word_1_131' title='bbox 946 2238 1005 2299; x_wconf 81' lang='grc' dir='ltr'>δ’</span> <span class='ocrx_word' id='word_1_132' title='bbox 1052 2237 1257 2322; x_wconf 88' lang='grc' dir='ltr'>ὄρχων</span> <span class='ocrx_word' id='word_1_133' title='bbox 1316 2237 1549 2320; x_wconf 85' lang='grc' dir='ltr'>ὀργάδα</span> <span class='ocrx_word' id='word_1_134' title='bbox 1596 2238 1746 2299; x_wconf 83' lang='grc' dir='ltr'>σίνει</span> 
     </span>
     <span class='ocr_line' id='line_1_23' title="bbox 324 2320 1594 2407; baseline -0.003 -21"><span class='ocrx_word' id='word_1_135' title='bbox 324 2323 729 2407; x_wconf 84' lang='grc' dir='ltr'>ἐγρήσσοντος</span> <span class='ocrx_word' id='word_1_136' title='bbox 775 2322 925 2405; x_wconf 86' lang='grc' dir='ltr'>ἐμεῦ</span> <span class='ocrx_word' id='word_1_137' title='bbox 969 2323 1183 2404; x_wconf 86' lang='grc' dir='ltr'>μηδενὶ</span> <span class='ocrx_word' id='word_1_138' title='bbox 1228 2320 1594 2405; x_wconf 81' lang='grc' dir='ltr'>θηρόβοτον.</span> 
     </span>
     <span class='ocr_line' id='line_1_24' title="bbox 233 2405 1808 2494; baseline -0.004 -22"><span class='ocrx_word' id='word_1_139' title='bbox 233 2413 494 2494; x_wconf 77' lang='grc' dir='ltr'>γλεῦκος</span> <span class='ocrx_word' id='word_1_140' title='bbox 531 2409 911 2491; x_wconf 80' lang='grc' dir='ltr'>πεμπάζοιμι</span> <span class='ocrx_word' id='word_1_141' title='bbox 956 2405 1336 2490; x_wconf 88' lang='grc' dir='ltr'>κεχανδότας</span> <span class='ocrx_word' id='word_1_142' title='bbox 1384 2407 1808 2488; x_wconf 74' lang='grc' dir='ltr'>ἀμφιφορῆας,</span> 
     </span>
     <span class='ocr_line' id='line_1_25' title="bbox 319 2488 1875 2577; baseline -0.004 -21"><span class='ocrx_word' id='word_1_143' title='bbox 319 2493 423 2556; x_wconf 85' lang='grc' dir='ltr'>καὶ</span> <span class='ocrx_word' id='word_1_144' title='bbox 465 2493 745 2577; x_wconf 87' lang='grc' dir='ltr'>σταφυλὴ</span> <span class='ocrx_word' id='word_1_145' title='bbox 788 2492 1033 2575; x_wconf 84' lang='grc' dir='ltr'>χρώσαι</span> <span class='ocrx_word' id='word_1_146' title='bbox 1075 2489 1216 2557; x_wconf 79' lang='grc' dir='ltr'>τοὺς</span> <span class='ocrx_word' id='word_1_147' title='bbox 1255 2488 1454 2557; x_wconf 85' lang='grc' dir='ltr'>πόδας</span> <span class='ocrx_word' id='word_1_148' title='bbox 1491 2489 1875 2564; x_wconf 79' lang='grc' dir='ltr'>οἰνοπάτους,</span> 
     </span>
     <span class='ocr_line' id='line_1_26' title="bbox 235 2573 1827 2655; baseline -0.004 -15"><span class='ocrx_word' id='word_1_149' title='bbox 235 2578 453 2640; x_wconf 86' lang='grc' dir='ltr'>λοιπὸν</span> <span class='ocrx_word' id='word_1_150' title='bbox 501 2576 587 2639; x_wconf 82' lang='grc' dir='ltr'>ἐνὶ</span> <span class='ocrx_word' id='word_1_151' title='bbox 636 2579 819 2648; x_wconf 81' lang='grc' dir='ltr'>ζώοις</span> <span class='ocrx_word' id='word_1_152' title='bbox 865 2579 974 2637; x_wconf 89' lang='grc' dir='ltr'>σεῦ</span> <span class='ocrx_word' id='word_1_153' title='bbox 1016 2575 1242 2652; x_wconf 75' lang='grc' dir='ltr'>εἵνεκα,</span> <span class='ocrx_word' id='word_1_154' title='bbox 1289 2578 1411 2635; x_wconf 92' lang='grc' dir='ltr'>σῶν</span> <span class='ocrx_word' id='word_1_155' title='bbox 1461 2595 1527 2634; x_wconf 90' lang='grc' dir='ltr'>τε</span> <span class='ocrx_word' id='word_1_156' title='bbox 1563 2573 1827 2655; x_wconf 89' lang='grc' dir='ltr'>κεράων,</span> 
     </span>
     <span class='ocr_line' id='line_1_27' title="bbox 320 2656 1822 2745; baseline -0.003 -22"><span class='ocrx_word' id='word_1_157' title='bbox 320 2659 581 2745; x_wconf 85' lang='grc' dir='ltr'>Βακχίε,</span> <span class='ocrx_word' id='word_1_158' title='bbox 629 2666 737 2743; x_wconf 77' lang='grc' dir='ltr'>σῆς</span> <span class='ocrx_word' id='word_1_159' title='bbox 782 2661 832 2722; x_wconf 85' lang='grc' dir='ltr'>τ’</span> <span class='ocrx_word' id='word_1_160' title='bbox 882 2660 1103 2743; x_wconf 79' lang='grc' dir='ltr'>ἀρετῆς</span> <span class='ocrx_word' id='word_1_161' title='bbox 1148 2657 1498 2742; x_wconf 83' lang='grc' dir='ltr'>ὑμνοπόλος</span> <span class='ocrx_word' id='word_1_162' title='bbox 1540 2656 1822 2739; x_wconf 85' lang='grc' dir='ltr'>κλέομαι.</span> 
     </span>
     <span class='ocr_line' id='line_1_28' title="bbox 238 2739 1797 2832; baseline -0.004 -24"><span class='ocrx_word' id='word_1_163' title='bbox 238 2745 503 2832; x_wconf 80' lang='grc' dir='ltr'>μητέρος</span> <span class='ocrx_word' id='word_1_164' title='bbox 545 2745 617 2808; x_wconf 82' lang='grc' dir='ltr'>οὔ</span> <span class='ocrx_word' id='word_1_165' title='bbox 664 2747 973 2831; x_wconf 78' lang='grc' dir='ltr'>ανοβλῆτα</span> <span class='ocrx_word' id='word_1_166' title='bbox 1018 2741 1400 2827; x_wconf 80' lang='grc' dir='ltr'>μογοστόκου</span> <span class='ocrx_word' id='word_1_167' title='bbox 1446 2739 1797 2805; x_wconf 79' lang='grc' dir='ltr'>Εἰλείθυιαν</span> 
     </span>
     <span class='ocr_line' id='line_1_29' title="bbox 321 2768 1636 2913; baseline -0.005 -19"><span class='ocrx_word' id='word_1_168' title='bbox 321 2830 539 2910; x_wconf 82' lang='grc' dir='ltr'>ἀείσω,</span> <span class='ocrx_word' id='word_1_169' title='bbox 585 2768 833 2913; x_wconf 65' lang='grc' dir='ltr'>Νρύσσης</span> <span class='ocrx_word' id='word_1_170' title='bbox 877 2828 931 2889; x_wconf 84' lang='grc' dir='ltr'>τ’</span> <span class='ocrx_word' id='word_1_171' title='bbox 974 2827 1314 2895; x_wconf 82' lang='grc' dir='ltr'>Ἰνδολέτας</span> <span class='ocrx_word' id='word_1_172' title='bbox 1357 2826 1636 2895; x_wconf 78' lang='grc' dir='ltr'>θιάσους.</span> 
     </span>
     <span class='ocr_line' id='line_1_30' title="bbox 234 2910 1834 3001; baseline -0.004 -22"><span class='ocrx_word' id='word_1_173' title='bbox 234 2913 665 3001; x_wconf 69' lang='grc' dir='ltr'>καὶ“σταφυλῇ</span> <span class='ocrx_word' id='word_1_174' title='bbox 709 2915 1104 2999; x_wconf 77' lang='grc' dir='ltr'>φρενοπλῆγα</span> <span class='ocrx_word' id='word_1_175' title='bbox 1144 2911 1417 2997; x_wconf 75' lang='grc' dir='ltr'>νεηγενέϊ</span> <span class='ocrx_word' id='word_1_176' title='bbox 1460 2910 1834 2994; x_wconf 82' lang='grc' dir='ltr'>Λυκόοργον,</span> 
     </span>
     <span class='ocr_line' id='line_1_31' title="bbox 328 2998 1654 3083; baseline -0.006 -19"><span class='ocrx_word' id='word_1_177' title='bbox 328 2998 611 3081; x_wconf 77' lang='grc' dir='ltr'>Πενθῆος</span> <span class='ocrx_word' id='word_1_178' title='bbox 653 2998 873 3083; x_wconf 81' lang='grc' dir='ltr'>κτέρεα</span> <span class='ocrx_word' id='word_1_179' title='bbox 918 2999 972 3059; x_wconf 85' lang='grc' dir='ltr'>τ’</span> <span class='ocrx_word' id='word_1_180' title='bbox 1025 2998 1087 3059; x_wconf 85' lang='grc' dir='ltr'>ἐν</span> <span class='ocrx_word' id='word_1_181' title='bbox 1134 2998 1271 3060; x_wconf 87' lang='grc' dir='ltr'>δυσὶ</span> <span class='ocrx_word' id='word_1_182' title='bbox 1310 3000 1654 3080; x_wconf 86' lang='grc' dir='ltr'>πυρκαϊαῖς.</span> 
     </span>
     <span class='ocr_line' id='line_1_32' title="bbox 236 3078 1851 3192; baseline -0.002 -43"><span class='ocrx_word' id='word_1_183' title='bbox 236 3083 597 3192; x_wconf 69' lang='grc' dir='ltr'>Τυρρηνούς</span> <span class='ocrx_word' id='word_1_184' title='bbox 623 3107 704 3187; x_wconf 81' lang='grc' dir='ltr'>&gt;τε</span> <span class='ocrx_word' id='word_1_185' title='bbox 750 3083 944 3166; x_wconf 84' lang='grc' dir='ltr'>δομὴν</span> <span class='ocrx_word' id='word_1_186' title='bbox 992 3082 1205 3188; x_wconf 72' lang='grc' dir='ltr'>ἐρέτας</span> <span class='ocrx_word' id='word_1_187' title='bbox 1251 3082 1524 3186; x_wconf 59' lang='grc' dir='ltr'>δελφῖσιν</span> <span class='ocrx_word' id='word_1_188' title='bbox 1574 3078 1809 3146; x_wconf 77' lang='grc' dir='ltr'>ἐϊκτοὺς</span> <span class='ocrx_word' id='word_1_189' title='bbox 1846 3102 1851 3107; x_wconf 76' lang='grc'><em>·</em></span> 
     </span>
     <span class='ocr_line' id='line_1_33' title="bbox 236 3163 1787 3336; baseline -0.004 -20"><span class='ocrx_word' id='word_1_190' title='bbox 236 3163 1787 3336; x_wconf 55' lang='grc' dir='ltr'>..ἶηέξτέἷεσέῗὲῗηῗλέἓῖιἓξζθῗάμῗέἒαᾶξέἕῖῗ</span> 
     </span>
     <span class='ocr_line' id='line_1_34' title="bbox 321 3331 1735 3422; baseline -0.005 -22"><span class='ocrx_word' id='word_1_191' title='bbox 321 3341 443 3400; x_wconf 91' lang='grc' dir='ltr'>τῶν</span> <span class='ocrx_word' id='word_1_192' title='bbox 489 3335 596 3415; x_wconf 77' lang='grc' dir='ltr'>ἄπ’</span> <span class='ocrx_word' id='word_1_193' title='bbox 644 3338 1023 3422; x_wconf 88' lang='grc' dir='ltr'>ἀφύσσονται</span> <span class='ocrx_word' id='word_1_194' title='bbox 1068 3337 1174 3397; x_wconf 84' lang='grc' dir='ltr'>σὸν</span> <span class='ocrx_word' id='word_1_195' title='bbox 1210 3332 1368 3417; x_wconf 77' lang='grc' dir='ltr'>μέθυ</span> <span class='ocrx_word' id='word_1_196' title='bbox 1413 3331 1735 3409; x_wconf 75' lang='grc' dir='ltr'>Ναξιάδες,</span> 
     </span>
     <span class='ocr_line' id='line_1_35' title="bbox 238 3416 1764 3506; baseline -0.005 -20"><span class='ocrx_word' id='word_1_197' title='bbox 238 3424 336 3486; x_wconf 83' lang='grc' dir='ltr'>δει</span> <span class='ocrx_word' id='word_1_198' title='bbox 376 3423 450 3505; x_wconf 90' lang='grc' dir='ltr'>ὴν</span> <span class='ocrx_word' id='word_1_199' title='bbox 491 3420 839 3506; x_wconf 78' lang='grc' dir='ltr'>βριθομένῳ</span> <span class='ocrx_word' id='word_1_200' title='bbox 882 3417 1386 3504; x_wconf 88' lang='grc' dir='ltr'>κισσοτρεφέεσσι</span> <span class='ocrx_word' id='word_1_201' title='bbox 1429 3416 1764 3501; x_wconf 81' lang='grc' dir='ltr'>κορύμβοις</span> 
     </span>
     <span class='ocr_line' id='line_1_36' title="bbox 389 3501 1829 3590; baseline 0.001 -22"><span class='ocrx_word' id='word_1_202' title='bbox 389 3505 723 3590; x_wconf 81' lang='grc' dir='ltr'>ασσαρίους</span> <span class='ocrx_word' id='word_1_203' title='bbox 758 3504 958 3589; x_wconf 73' lang='grc' dir='ltr'>ἄμποξ</span> <span class='ocrx_word' id='word_1_204' title='bbox 1002 3501 1357 3588; x_wconf 80' lang='grc' dir='ltr'>μιτροδέτης</span> <span class='ocrx_word' id='word_1_205' title='bbox 1405 3501 1764 3583; x_wconf 82' lang='grc' dir='ltr'>πλοκάμους</span> <span class='ocrx_word' id='word_1_206' title='bbox 1825 3515 1829 3519; x_wconf 78' lang='grc'><em>’</em></span> 
     </span>
    </p>
   </div>
  </div>
 </body>
</html>
