2452 4186
1250 268 1379 361 304

266 465 368 519 445
406 467 531 529 Sed
572 470 721 526 haec
761 469 981 528 doloso
1027 469 1250 528 addixe
1290 478 1614 547 potuerunt
1651 471 1782 529 viro

405 553 627 613 Graeci
673 573 870 611 meam
913 554 1006 611 illi
1047 563 1476 631 postputantes
1521 555 1799 633 gloriam.

401 637 578 712 Quod
615 639 681 697 ni
721 640 867 697 mihi
907 658 1150 697 omnem
1191 659 1405 699 eversa
1447 659 1616 699 mens
1664 642 2031 718 sapientiam

398 725 939 801 Expectorassent‚
982 732 1044 782 et
1094 725 1328 797 oculus,
1375 744 1683 800 nunquam
1728 727 1990 804 amplius

400 810 634 868 Iudicia
672 810 733 867 in
779 809 964 866 alium
999 810 1375 869 iudicassent
1416 810 1579 867 talia.

266 889 370 943 450
404 895 534 951 Iam
583 895 821 970 pervico
864 894 1091 967 animo,
1134 895 1285 953 Iove
1333 903 1487 967 sata,
1528 895 1922 971 implacabili,

401 981 523 1051 Me,
567 998 700 1035 cum
741 979 861 1036 iam
900 980 962 1035 in
1006 980 1144 1037 illos
1190 987 1486 1037 verterem
1526 981 1811 1039 infestam
1857 1000 2131 1056 manum,

401 1064 723 1139 Repressit
767 1064 1003 1122 obiecta
1047 1065 1376 1140 impotente
1422 1064 1684 1137 insania,

399 1150 472 1206 In
518 1149 801 1226 gregibus
846 1148 983 1208 istis
1028 1157 1094 1206 ut
1137 1158 1512 1206 cruentarem
1559 1169 1822 1208 manum.

400 1234 625 1291 Verum
672 1234 982 1293 cachinnis
1035 1253 1193 1292 nunc
1237 1234 1383 1291 mihi
1429 1235 1708 1307 illudunt,
1759 1237 1860 1293 ubi

265 1317 368 1372 455
401 1319 637 1396 Fugere
680 1338 777 1375 me
825 1319 1078 1377 nolente.
1123 1337 1257 1377 cum
1298 1318 1469 1378 Deus
1516 1328 1710 1391 nocet,

399 1403 515 1462 Vel
557 1404 871 1462 fortiorem
915 1405 1171 1462 evadere
1216 1405 1439 1481 ignavo
1483 1412 1578 1462 est
1620 1405 1802 1462 facul.

403 1487 562 1560 Quid
608 1508 751 1566 ergo
798 1489 1039 1561 faciam,
1086 1507 1264 1563 quem
1310 1489 1581 1547 disertim
1628 1507 1838 1547 omnes
1885 1487 2004 1546 Dei

406 1573 648 1632 Odere?
690 1593 867 1647 quem
910 1575 1035 1631 odit
1079 1575 1278 1632 omnis
1321 1573 1619 1631 Achivum
1660 1574 2006 1632 exercitus?

401 1658 482 1714 Et
525 1658 720 1715 omnis
767 1658 896 1715 odit
940 1659 1151 1730 Troia,
1208 1667 1269 1715 et
1308 1678 1487 1716 omne
1530 1659 1729 1716 isthuc
1772 1658 2022 1717 solum?

267 1742 371 1795 460
404 1745 502 1800 An
549 1742 943 1802 domitionem
993 1763 1137 1820 ergo
1189 1744 1286 1802 his
1332 1743 1561 1800 relictis
1608 1745 1923 1818 portubuS,

405 1826 687 1903 Solisque
732 1828 983 1899 Atridis,
1025 1837 1192 1887 trans
1243 1835 1303 1884 et
1341 1830 1611 1905 Aegeum
1653 1828 1903 1905 parem?

405 1911 528 1973 Sed
573 1932 690 1987 qua
731 1913 895 1988 potis
944 1913 1060 1971 sim
1104 1914 1300 1970 fronte
1343 1912 1743 1970 Telamonem
1786 1921 2022 1990 patrem

405 1996 633 2055 Contra
682 1998 958 2055 obtueri?
1005 1998 1303 2072 quomodo
1339 2016 1436 2055 me
1475 1997 1823 2075 inglorium,

398 2082 635 2141 Virtute
676 2101 918 2140 cassum
964 2082 1286 2141 sustinebit
1329 2102 1598 2155 cernere,

265 2166 366 2220 465
404 2166 672 2240 Quarum
716 2168 851 2243 ipse
890 2186 1087 2224 rerum
1129 2168 1459 2226 honoribus
1504 2169 1756 2227 summis
1803 2168 2002 2226 cluet?

402 2251 549 2312 Non
595 2253 683 2311 sic
726 2252 937 2325 abibit,
984 2272 1125 2310 non.
1172 2252 1316 2326 quid
1363 2254 1548 2329 ergo?
1595 2273 1673 2310 an
1715 2254 1810 2310 vir
1848 2254 1974 2311 viro

405 2336 782 2415 Congressus
829 2338 905 2394 ad
951 2337 1176 2395 Troum
1224 2337 1349 2395 alta
1386 2338 1839 2414 propugnacula

405 2422 583 2481 Clare
629 2430 912 2499 oppetam
947 2423 1153 2499 aliquo
1200 2423 1474 2481 facinore
1522 2422 1745 2482 illustri
1787 2423 1996 2482 edito?

407 2507 529 2567 Sed
570 2510 834 2566 facerem
878 2509 1107 2566 Atridis
1151 2528 1279 2565 rem
1326 2510 1547 2566 bonam
1588 2516 1647 2565 et
1681 2509 2133 2585 gratissumam.

265 2596 367 2648 470
400 2592 539 2650 Non
584 2594 674 2652 sic
714 2593 922 2650 abibit.
977 2593 1182 2669 aliqua
1230 2593 1519 2650 tentanda
1567 2601 1662 2651 est
1704 2593 1823 2665 via,

401 2678 540 2752 Qua
584 2680 706 2735 iam
754 2679 1016 2737 senectis
1067 2678 1267 2736 obsito
1317 2678 1603 2735 membris
1646 2679 1802 2752 patri

398 2762 711 2834 Profitear‚
759 2763 920 2820 haud
959 2764 1077 2821 hoc
1123 2773 1295 2839 patre
1334 2782 1430 2820 me
1473 2762 1758 2839 ignavum
1805 2769 2022 2820 satum.

399 2846 562 2905 Nam
607 2856 780 2922 turpe
823 2847 1071 2925 longum
1113 2847 1387 2923 postulat
1432 2866 1498 2906 se
1546 2848 1766 2920 vivere,

402 2931 514 2991 Cui
566 2933 736 2992 nulla
777 2933 949 2989 detur
993 2953 1029 2989 a
1070 2933 1247 2991 malis
1288 2934 1643 3008 interquies.

264 3019 364 3072 475
399 3017 561 3076 Nam
604 3018 746 3093 quid
788 3018 969 3075 habet
1007 3019 1067 3074 in
1112 3037 1178 3075 se
1218 3018 1439 3094 volupe
1483 3018 1557 3074 de
1610 3017 1705 3074 die
1751 3018 1880 3075 dies

398 3101 561 3160 Hinc
610 3121 998 3161 summovens
1047 3103 1255 3175 vitam,
1312 3103 1451 3160 inde
1486 3111 1744 3160 mortem
1781 3102 2194 3178 promovens?

399 3186 592 3244 Nihili
641 3188 879 3264 quidem
921 3188 1224 3246 hominem
1263 3189 1538 3261 fecerim*x
1560 3206 1736 3264 quem
1780 3206 1926 3263 spes
1966 3186 2094 3260 alit,

399 3272 717 3347 Vitamque
761 3273 933 3331 vanis
981 3274 1261 3349 speribus
1302 3273 1487 3331 lactat
1530 3291 1722 3330 suam.

268 3409 273 3420 ,
402 3355 524 3417 Sed
571 3376 790 3433 nempe
830 3358 1081 3434 pulchre
1120 3359 1323 3417 vivere
1368 3365 1472 3415 aut
1512 3357 1761 3433 pulchre
1795 3355 1951 3414 mori

264 3448 367 3503 480
400 3443 707 3518 Expetere
747 3442 1024 3502 honestis
1071 3450 1131 3501 et
1167 3443 1313 3501 viris
1358 3461 1566 3500 verum
1611 3450 1722 3500 est.
1775 3449 1969 3498 tenes.

402 3526 513 3587 Ch.
598 3527 819 3586 Aliena
863 3527 1022 3594 dicta
1064 3528 1214 3586 haec
1258 3536 1318 3586 te
1362 3528 1534 3604 loqui
1577 3545 1757 3609 nemo
1805 3532 2076 3583 autumet
