2452 4186
1262 293 1470 386 264*-

414 457 507 519 δὸ
937 454 1044 539 Μὴ
1091 456 1353 541 τρέσσῃς
1394 457 1485 520 ὅτι
1526 456 1719 526 τόξον.

332 619 337 625 ¹
411 542 590 618 Quod
631 552 844 605 tensos
883 563 1082 618 arcus,
1128 544 1474 623 infestaque
1519 545 1662 619 tela,
1708 547 1968 624 sagittas

496 633 656 687 Ante
697 649 863 690 meos
907 632 1090 707 posui
1131 639 1267 690 cote
1314 634 1565 690 subacta
1606 632 1818 708 pedes,

416 714 599 790 Quod
639 715 873 773 clavam
916 724 1116 793 gestat
1157 736 1397 790 manus,
1443 717 1687 792 hospes,
1732 736 1914 793 parce
1959 718 2201 791 timere,

497 798 785 875 Quodque
822 801 1101 861 humeros
1148 802 1327 878 pellis
1368 802 1525 860 hirta
1561 802 1754 861 leonis
1795 802 1939 861 obit.

410 884 556 962 Ipse
596 885 787 943 malos
831 893 1084 959 tantum,
1126 907 1253 946 non
1295 907 1507 947 omnes
1551 887 1795 945 laedere
1839 887 2001 961 novi,

496 970 576 1028 Et
618 989 867 1047 possum
909 972 1216 1030 aerumnis
1261 972 1560 1050 eripuisse
1603 973 1815 1031 bonos.

415 1136 448 1196 ὃ
472 1138 508 1195 9
911 1134 1101 1202 Στᾶθι
1138 1137 1356 1213 πέλας,
1399 1121 1725 1223 δίκρυσον.

414 1221 579 1283 Siste
623 1224 895 1301 gradum,
938 1225 1087 1285 siste
1129 1227 1394 1302 hospes,⁴
1439 1227 1886 1302 inexpletisque
1933 1227 2160 1285 tuendo

498 1310 925 1387 Magniloquae
967 1310 1199 1371 Niobes
1244 1312 1608 1370 illacrimare
1647 1313 1847 1371 malis.

415 1393 600 1453 Cuius
646 1395 811 1452 humi
854 1396 992 1455 telis
1040 1404 1313 1455 natorum
1356 1416 1609 1473 corpora
1649 1398 1754 1455 bix
1798 1417 1911 1456 sex

418 1490 427 1493 ”
500 1479 662 1538 Hinc
705 1480 1017 1554 Phoebus),
1064 1482 1297 1541 Phoebi
1327 1482 1552 1541 stravit
1592 1490 1654 1540 at
1695 1482 1834 1540 inde
1878 1501 2068 1541 soror.

412 1565 751 1642 Ambiguae
791 1567 942 1625 haec
981 1568 1138 1625 inter
1182 1568 1417 1626 silicem
1462 1587 1823 1642 carnemque
1865 1568 2097 1647 figurae

497 1650 596 1708 Fit
633 1650 817 1727 lapiS‚
867 1659 927 1710 et
968 1649 1221 1729 Sipylus
1271 1661 1442 1711 caute
1484 1661 1738 1711 sonante
1778 1654 1983 1731 gemit.

412 1733 522 1792 Vis
575 1736 772 1794 morbi
817 1737 882 1795 in
921 1736 1131 1814 lingua
1171 1746 1268 1797 est
1303 1739 1655 1797 mortalibus
1699 1739 1902 1797 insita.
1951 1754 2146 1813 saepe
2248 1805 2258 1819 .

496 1818 724 1881 Natum
768 1840 845 1878 ex
889 1821 1112 1880 infreni
1158 1824 1507 1901 garrulitate
1548 1823 1776 1881 malum
1821 1832 1933 1882 est.

414 1988 447 2047 ὃ
477 1989 550 2046 12
916 1985 1169 2069 Κύπρις,
1211 1988 1313 2050 ὅτε
1359 1989 1733 2052 σταλάουσα.

412 2073 565 2135 Cum
604 2072 813 2134 Venus
856 2077 1145 2151 aequorei
1184 2077 1417 2152 spumis
1462 2077 1612 2137 salis
1650 2078 1771 2137 uda
1815 2076 2070 2156 capillos

495 2160 677 2217 Edita
713 2161 1034 2237 purpureis
1078 2163 1242 2220 nuda
1286 2170 1521 2220 nataret
1562 2165 1765 2238 aquis:
1821 2197 1826 2201 ·

411 2244 706 2304 Uvidulos
749 2265 932 2305 roseo
980 2247 1177 2306 crines
1221 2248 1470 2325 collegit
1514 2250 1590 2306 ab
1638 2269 1765 2322 ore,

494 2331 574 2389 Et
613 2329 812 2389 salsas
857 2340 1057 2409 guttas
1105 2334 1353 2393 strinxit
1392 2341 1645 2410 utraque
1686 2353 1889 2405 manu,

408 2414 721 2476 Hactenus
764 2418 1022 2476 extando
1060 2439 1179 2494 qua
1215 2421 1331 2479 fas.
1379 2417 1450 2479 Si
1493 2420 1634 2478 talis
1681 2420 1745 2476 in
1782 2417 1948 2476 unda

493 2501 645 2559 Visa
683 2502 816 2574 fuit,
856 2503 1068 2562 Martis
1108 2513 1362 2582 pectora
1407 2506 1606 2563 turbet
1649 2524 1831 2562 amor.

411 2668 443 2727 δ
469 2671 548 2727 20
973 2665 1194 2752 ‘Pomm-q
1238 2670 1678 2753 παμβασίλεια.

411 2756 502 2813 Te
545 2777 848 2833 nunquam
891 2758 1137 2817 amissis
1186 2758 1377 2834 fugiet
1421 2758 1689 2830 Victoria
1729 2758 1969 2835 penniS,

490 2840 625 2901 Nec
671 2852 775 2901 tua
816 2844 970 2910 laus⁸
995 2842 1236 2920 poterit,
1284 2843 1550 2901 maxima
1593 2844 1808 2917 Roma,
1854 2840 2021 2928 mori.

412 3010 560 3088 ζ(1)
1036 3007 1195 3072 ζΗδὺ
1250 3009 1438 3093 μέλος
1481 3010 1573 3091 νὴ.

409 3096 604 3155 Dulce
651 3105 888 3170 sonant,
924 3117 1067 3154 *mea
1110 3099 1473 3175 Zenophile,
1525 3106 1630 3156 tua
1672 3098 1967 3155 carmina:
2017 3097 2200 3156 docto

494 3181 744 3255 Pollice,
793 3183 883 3241 sic
919 3183 1121 3242 faveat
1157 3184 1292 3242 Pan
1338 3185 1506 3255 mihi,
1568 3182 1743 3240 dulce
1787 3188 2022 3241 sonant.

409 3263 541 3337 Quo
580 3267 805 3345 fugiam
842 3269 948 3326 te?
988 3286 1085 3325 me
1128 3269 1375 3345 cingunt
1417 3268 1702 3345 indagine
1745 3286 2002 3339 amores,

497 3349 632 3408 Nec
674 3353 1021 3428 respirandi
1055 3360 1292 3430 tempus
1342 3362 1402 3411 et
1444 3354 1598 3411 hora
1638 3353 1852 3410 datur.v

406 3434 584 3494 Unde
608 3437 755 3494 mihi
781 3437 1007 3496 formae
1035 3440 1186 3496 haec
1215 3457 1364 3496 aura
1389 3437 1651 3514 appulit:
1682 3445 1785 3494 aut
1815 3457 1888 3495 ea
1909 3437 2089 3494 Musa
2120 3443 2235 3506 est,

495 3525 616 3579 Aut
659 3519 874 3581 Charis
915 3532 1034 3582 est:
1090 3524 1263 3596 eheu,
1310 3523 1451 3598 quid
1497 3523 1751 3599 loquor?
1791 3542 1950 3594 uror,
1997 3539 2149 3579 amc.
