2452 4186
1266 299 1392 364 238

414 464 649 551 Ἐσθλὴ
691 468 841 550 γυνὴ
884 465 1058 541 ’στὶν,
1098 466 1140 549 ἥ
1180 490 1270 535 τις
1315 467 1611 552 ἐμφανῶς
1648 468 1851 551 κακή.

416 550 610 623 ΤόΕον
662 550 859 628 τόνος,
905 552 1209 636 χάλασμα
1253 553 1355 615 τὸν
1403 557 1545 614 νοῦν
1590 552 1857 636 ῥήγνυσι.

417 634 511 701 Οὐ
568 638 727 723 φημὶ
770 635 1013 720 τέχνην,
1053 635 1130 718 ἧς
1174 637 1448 721 τυχήρης
1492 634 1758 721 ἔκβασις.

416 718 497 785 Τι’
536 726 645 784 τοῦ
693 723 925 803 μακρὸν
970 724 1079 803 ζῇν
1130 721 1317 804 ῥίγιον
1360 720 1753 804 φιλαργὺρῳ;

419 806 745 874 Φειδωλὸς
789 803 858 868 εὖ
908 802 1113 888 θηρᾷ
1160 804 1257 880 ἂν,
1305 805 1378 868 οὐ
1419 810 1696 872 τοιοῦτος
1735 805 1842 867 ὤν.

415 888 616 974 Κέρμ’
666 890 739 953 οὐ
786 893 964 974 κορεῖ
1006 889 1340 972 φειδωλὸν,
1386 888 1534 952 ἀλλ’
1588 889 1929 973 ἐρεσχελεῖ.

418 970 539 1037 Τὸν
582 974 817 1059 κίμβικ’
864 973 1068 1041 οὐδεὶς
1109 974 1383 1058 κερδέων
1431 975 1596 1057 αἱρεῖ
1628 972 1829 1056 κόρος.

416 1058 746 1127 Φειδωλὸς
789 1060 970 1140 ἀλγεῖ
1006 1060 1262 1140 μᾶλλον,
1302 1059 1341 1141 ἢ
1391 1059 1605 1142 σοφὸς,
1654 1059 1878 1143 βλάβῃ.

418 1144 749 1212 Φειδωλὸς
790 1144 995 1218 οὐδὲν,
1046 1144 1205 1225 πλὴν
1254 1143 1525 1216 ἀποζῶν,
1570 1140 1640 1205 εὖ
1685 1147 1869 1204 ποιεῖ.

418 1228 747 1296 Φειδωλὸς
791 1227 938 1333 ἄτῃν
983 1225 1167 1295 αὐτὸς
1214 1226 1382 1332 abta?
1422 1226 1725 1310 προξενεῖ.

413 1312 780 1395 Ἀνδρισμὸν
830 1313 999 1381 αυξει
1041 1310 1296 1395 θάρσος,
1342 1333 1519 1378 οκνος
1565 1311 1817 1374 δειλίαν.

410 1397 779 1483 Ἀφαιρετὸν
826 1396 1098 1480 πέφυκεν
1148 1395 1304 1458 εἶναι
1345 1399 1462 1458 πᾶν
1514 1394 1713 1458 δοτόν.

418 1481 580 1564 Γυνὴ
631 1480 729 1543 δύ’
778 1480 1031 1564 ἀμέσως
1078 1480 1232 1556 οἶδε,
1278 1484 1495 1563 μισεῖν,
1538 1481 1577 1564 ἢ
1622 1482 1841 1565 φιλεῖν.

416 1565 678 1649 Στερῥοῖ
713 1564 985 1651 βοηθοὺς
1023 1564 1306 1632 ἀσθενεῖς
1343 1566 1410 1628 τὸ
1457 1568 1853 1649 συμφρονεῖν.

416 1647 507 1714 Εὖ
556 1651 787 1712 ὤλεσεν
827 1651 894 1713 τὸ
940 1648 1120 1733 κέρμ’
1166 1652 1197 1713 ὁ
1247 1649 1514 1733 φεύγων,
1559 1649 1706 1718 δοὺς
1747 1654 1945 1733 κριτῇ.

416 1730 607 1797 Εὕδει
650 1734 823 1818 μάλ’,
869 1734 1085 1797 ἑαυτὸν
1131 1733 1200 1801 ὃς
1249 1733 1463 1818 λέληθ’
1510 1735 1707 1797 εὕδων
1750 1738 1977 1801 κακῶς.

419 1816 553 1883 Οὐκ
595 1816 666 1880 ἂν
706 1818 977 1895 θάνοιεν,
1029 1815 1136 1901 κᾷν
1186 1818 1378 1902 ῥυῶσ’
1426 1817 1768 1903 εὐβουλίαι.

416 1899 846 1987 Εὐεργετεῖται
886 1903 1066 1965 πόλλ’
1112 1902 1181 1970 ὃς
1226 1900 1353 1965 οἶδ’
1396 1904 1796 1966 ἀντευποιεῖν.

418 1987 642 2055 Διδοὺς
683 1987 950 2070 ἐλήψατ’
994 1986 1067 2070 ἥν
1117 2009 1202 2055 τις
1249 1987 1399 2073 ἀξίῳ
1447 1989 1622 2072 διδῷ.

416 2067 834 2156 Εὐεργετῆσαι
865 2072 1001 2157 «φάς
1044 2071 1185 2134 ποτ>
1239 2072 1615 2156 εἰσπράττεις
1654 2072 1860 2177 χάριν.

416 2153 614 2219 Τίνειν
658 2157 964 2224 διδάσκεις
1001 2158 1298 2224 πολλάκις
1340 2157 1547 2224 διδοὺς
1586 2180 1784 2242 χαριν.

415 2237 778 2323 Εὐεργετεῖν
828 2240 1023 2325 ἄϊδρις
1066 2240 1178 2303 οὐκ
1224 2242 1385 2305 αἰτεῖ
1421 2244 1645 2309 καλῶς.

408 2323 729 2411 Ἐνόχους,
777 2325 1058 2409 ἐπαρκῶν
1106 2326 1313 2401 ἀξίοις,
1358 2326 1587 2394 πάντας
1628 2329 1842 2393 ποιεῖς.
1932 2382 1945 2393 ,

415 2409 613 2495 Χάριν
658 2412 889 2495 λαβὼν,
934 2415 1022 2495 τῷ
1063 2410 1225 2473 δόντι
1274 2413 1496 2474 σαυτὸν
1537 2410 1832 2494 ἐμπολᾷς.

404 2494 694 2578 ’Ζητοόσ’
742 2495 1031 2579 ἀφορμὴν
1079 2500 1188 2559 τοῦ
1232 2500 1429 2558 ποιεῖν
1475 2493 1546 2557 εὖ
1594 2495 1891 2579 δαψιλεῖς.

401 2577 520 2643 Ἢν
560 2581 627 2642 τὸ
677 2581 815 2642 δεὸν
869 2579 1056 2648 εὐθὺς
1102 2581 1225 2663 δῷς
1270 2580 1450 2656 ἑκὼν,
1493 2580 1655 2661 διττὴ
1703 2580 1899 2664 χάρις.

419 2664 641 2728 Θανεῖν
689 2662 789 2725 ἐπ’
838 2663 1044 2726 ἄλλων
1087 2666 1342 2748 αἱρέσει,
1391 2665 1585 2733 διττὸς
1625 2663 1832 2748 μόρος.

415 2745 617 2812 Εἴκων
663 2749 1093 2832 ἁμαρτάνοντι,
1142 2749 1302 2812 δίτθ’
1350 2750 1736 2831 ἁμαρτάνεις.

414 2831 677 2917 Κρατῶν
720 2838 981 2895 σεαυτοῦ
1028 2835 1117 2902 δὶς
1155 2836 1416 2917 κρατεῖς,
1451 2834 1586 2916 νίκῃ
1629 2837 1889 2916 κρατῶν.

418 2919 647 2984 Διττῶς
690 2916 947 3001 τέθνηχ’
1001 2920 1031 2980 ὁ
1073 2922 1200 2986 τοῖς
1247 2918 1459 2985 ὅπλοις
1501 2919 1674 2985 ἰδίοις
1709 2918 1940 2981 θανών.

414 2999 645 3065 Πειθοῖ
685 3003 994 3084 μαλακτὸς
1025 2996 1153 3065 ὀὐκ
1196 3003 1488 3085 ἀνάγκαις
1535 3000 1655 3065 ἔστ’
1700 3001 1878 3086 ἔρως.

414 3083 540 3150 Καὶ
583 3088 901 3171 δυστυχεῖν
940 3085 1054 3147 τιν’
1109 3087 1241 3149 ἐστ’
1284 3087 1353 3150 ἐκ
1399 3083 1450 3172 ᾧ
1495 3109 1581 3154 τις
1618 3086 1872 3171 εὐτυχεῖ
1902 3086 2134 3174 χρόνῳ.

413 3166 760 3238 Κάλλιστος
806 3173 837 3235 ὁ
888 3168 1097 3253 μόρος,
1139 3171 1206 3239 ὃς
1244 3171 1378 3255 βίον
1432 3171 1617 3234 παύει
1659 3175 1887 3234 κακῶν.

414 3251 684 3319 Εὔκλεια
730 3256 962 3337 μᾶλλον
1005 3256 1284 3341 ἀσφαλὲς
1319 3260 1440 3318 τῶν
1479 3257 1834 3340 χρημάτων.

415 3335 686 3402 Εὔκλεια
728 3337 973 3422 κέκτητ’
1017 3337 1171 3402 ἴδιον
1219 3339 1283 3401 ἐν
1329 3339 1540 3425 σκόπῳ
1588 3339 1788 3409 σέλας.

413 3420 630 3492 Καλὰς
680 3423 718 3484 ἀ
775 3423 969 3507 ορμὰς
1012 3423 1270 3492 τοῦλεος
1311 3424 1642 3506 πορίζεται.

404 3504 688 3576 Ὄνειδος
724 3446 981 3586 ζἐσθλὸν,
1030 3505 1084 3595 ᾧ
1123 3508 1198 3571 τὰ
1245 3508 1404 3571 δεῖν>
1452 3508 1804 3572 ἐκκλίνεται.
