2452 4186
1166 287 1245 346 27

381 454 491 516 Sat
533 455 701 526 facit,
743 455 988 513 illorum
1035 457 1089 515 si
1136 456 1487 515 meminisse
1531 464 1746 532 potest.

462 553 508 600 E
543 552 734 602 lectulo
775 566 989 613 surgens
1031 553 1116 601 111
1149 554 1267 602 Kal.
1305 554 1417 603 Ian.
1455 552 1642 601 Iuliani
1699 549 1845 602 1602.

294 706 392 764 25.
481 706 717 765 Donum
761 709 995 765 doetiss.'
1036 711 1289 766 auctoris
1337 708 1649 766 Scaevolae
1688 707 2124 766 Sammarthani

293 793 388 849 De
432 792 623 875 Gallis
662 793 951 849 Doctrina
1002 794 1322 852 illustribus
1378 796 1497 850 Ios.
1550 792 1815 869 Scaliger
1863 793 2121 851 donabat

278 938 297 948 ,.
721 878 961 934 Danieli
999 878 1240 936 Heinsio
1290 881 1374 936 his
1409 880 1697 936 versibus.-

297 960 427 1020 Sibi
470 962 590 1019 hoe
633 962 921 1020 volumen
964 981 1002 1018 a
1044 971 1231 1039 poeta
1276 961 1576 1022 Scaevola

294 1047 551 1105 Missum
598 1055 818 1123 poetae
864 1045 1140 1125 Scaliger
1186 1048 1290 1121 dat
1336 1048 1617 1106 Heinsio.

296 1215 396 1274 26.
471 1217 711 1273 Danieli
752 1217 995 1275 Heinsio
1037 1221 1364 1292 qratiarum
1405 1222 1554 1276 aetio
1602 1237 1715 1292 pro
1764 1218 2124 1274 dedicatione

1017 1301 1151 1360 Silii
1194 1305 1411 1360 Italici.

1023 1398 1108 1445 Ex
1149 1407 1378 1460 tempore

294 1463 472 1537 Quod
514 1473 717 1524 vester
763 1474 972 1525 nostro
1018 1470 1129 1526 sub
1182 1469 1422 1525 nomine
1468 1465 1678 1537 Silius,
1724 1465 1966 1535 Heinsi,

376 1550 696 1627 Purpureo
741 1560 954 1628 gentes
1000 1553 1226 1610 lumine
1270 1554 1464 1611 cultus
1506 1552 1660 1619 adit;

291 1635 427 1694 Neo
470 1654 568 1693 me
612 1637 731 1693 hoe
774 1637 1091 1710 duntaxat,
1140 1658 1261 1712 quo
1309 1658 1404 1695 me
1436 1658 1553 1694 non
1596 1637 1834 1713 dignor,
1863 1635 2120 1705 honore,

382 1720 506 1780 Sed
547 1720 879 1787 devinxisti
924 1732 1168 1797 postera
1210 1723 1377 1780 secla
1415 1723 1543 1779 tibi.

293 1805 473 1879 Quod
511 1805 706 1881 solum
750 1826 1028 1882 possum,
1077 1809 1220 1883 quia
1261 1828 1357 1865 me
1403 1807 1512 1865 tibi
1559 1807 1746 1863 deb'eo
1789 1810 1996 1873 totum,

375 1893 476 1948 Me
522 1898 717 1950 totum
751 1911 947 1950 voveo
985 1906 1226 1970 tempus
1269 1893 1330 1951 in
1377 1912 1556 1951 omne
1608 1892 1735 1948 tibi.

292 1973 420 2036 Sed
453 1995 607 2050 quas
647 1976 994 2049 debueram,
1034 1998 1232 2053 neque
1274 1997 1530 2054 possum
1572 1977 1811 2035 solvere
1856 1980 2081 2048 grates,

373 2063 432 2120 A
463 2060 573 2120 tibi
617 2061 897 2121 devincta
938 2063 1301 2123 Posteritate
1325 2064 1522 2127 feras,

671 2231 770 2290 27..
858 2232 953 2288 De
994 2233 1248 2291 Henrieo
1290 2233 1446 2308 Reye
1491 2242 1734 2289 servato.

289 2314 544 2390 Duplex
588 2323 866 2391 potestas
906 2318 1026 2375 ista
1070 2318 1325 2375 fatorum
1377 2318 1510 2388 fuit,

291 2399 491 2458 Gallis
538 2401 722 2458 saluti
770 2402 933 2476 quod
981 2403 1160 2473 foret,
1201 2401 1399 2461 Gallis
1442 2403 1607 2472 dare,

291 2483 553 2547 Servare
594 2484 791 2544 Gallis
835 2487 998 2561 quod
1040 2487 1311 2546 dedisset
1357 2487 1670 2562 optimum.

894 2655 993 2713 28.
1086 2659 1161 2714 In
1219 2657 1515 2715 Veronam.

292 2739 508 2798 Ocelle
558 2740 787 2812 mundi,
831 2740 998 2799 sidus
1044 2741 1185 2798 Itali
1228 2741 1403 2813 caeli,
1740 2805 1743 2807 v

288 2825 434 2883 Flos
473 2825 732 2896 urbium,
776 2826 915 2897 Ηοε,
962 2826 1387 2902 corculumque
1429 2845 1836 2899 amoenarnm,

291 2909 458 2982 Quot
504 2917 663 2981 sunt,
706 2918 979 2982 ematve,
1020 2920 1169 2985 quot
1209 2912 1399 2984 fuere,
1449 2912 1695 2969 Verona

290 2995 522 3052 Brenni
567 2995 907 3072 smaragde,
955 2997 1365 3072 transpadane
1409 2997 1662 3073 berylle‚

293 3079 611 3138 Gallorum
654 3081 871 3155 iaspis,
917 3082 1241 3157 margarite
1286 3082 1550 3139 Benaci:

292 3168 477 3240 Apex
523 3183 843 3241 supremus
886 3165 1224 3241 elegantiae
1268 3186 1489 3237 rerum,

290 3251 374 3308 Et
420 3257 576 3306 meta
621 3269 879 3322 summa,
925 3249 1335 3325 daedalaeque
1382 3261 1650 3308 naturae.

295 3333 494 3406 Quam
531 3334 732 3393 fronte
782 3355 978 3411 prona
1019 3335 1408 3409 fascibusque
1455 3333 1777 3394 submissis

292 3418 498 3477 Urbes
541 3419 814 3492 adorent,
863 3429 923 3477 et
964 3421 1244 3478 lubenter
1288 3429 1617 3497 agnoscant

297 3502 572 3563 Sublime
614 3506 955 3564 maiestatis
1003 3505 1226 3562 arduae
1268 3505 1493 3577 lumen,
