2452 4186
1094 315 1220 379 233

283 486 382 549 Ex
426 483 884 566 Epigrammate
936 485 1156 546 Italico
1199 485 1623 546 rotundissimi
1668 489 2025 566 argumenti.

950 590 1029 629 ex
1068 581 1190 630 tem
1239 591 1366 631 ore.

241 650 365 736 ἤδη
411 652 684 736 φροῦδον
724 647 832 736 ἔην
879 656 1121 737 ψυχρῆς
1164 589 1265 716 ἐξιὶ
1301 652 1568 738 χείλεσιν
1615 650 1849 736 ἆσθμα,

328 734 390 798 κ’
440 735 516 799 οὐ
565 737 767 820 μακρὴ
806 741 1021 820 περιῆν
1059 738 1210 821 τῇδε
1253 737 1521 822 θόραζεν
1566 736 1743 807 ὁδός·

246 820 535 903 ὃππῆμος
579 822 889 904 μαλακαῖς
926 820 1263 905 εὐωδείησι
1308 820 1626 907 φλέγουσα

331 903 490 988 ἄλλη
541 904 872 989 δυσπότμῳ
917 907 1086 991 ψυχὴ
1134 907 1519 990 ὑπηντίασεν.

248 989 302 1054 ὦ
346 989 640 1073 γλυκεραὶ
688 988 958 1066 σύνοδοι,
1000 992 1054 1055 ὦ
1102 991 1407 1076 συμβολίη
1454 991 1485 1054 ἐ
1527 991 1766 1075 ατεινή·

332 1074 555 1136 δισσῶν
591 1072 707 1157 γὰρ
750 1079 967 1159 ψυχῶν
1017 1079 1234 1158 ζεῦγος
1277 1011 1643 1159 ἐναρμΣδιον

253 1158 464 1242 δισσὴν
502 1157 844 1244 ἡμετέραις,
876 1159 1040 1242 ζωὴν
1082 1160 1403 1245 κραδίῃσιν
1453 1158 1674 1243 ἔθηκεν

336 1240 443 1304 σὺν
483 1247 563 1325 τῇ
608 1243 871 1328 ἀμοιβαί
950 1246 1140 1327 κηρὸς
1181 1244 1508 1329 ἐπηβολίῃ.

245 1326 353 1389 καί
383 1348 450 1389 τε
494 1327 694 1390 δοκῶν
737 1268 983 1390 θανῖειν
1032 1328 1244 1397 δισσὰς
1287 1327 1491 1413 ψυχὰς
1527 1324 1675 1411 μάλ’
1728 1326 2014 1394 ἐπέσπον.

313 1411 438 1478 ,καὶ
478 1409 774 1474 δοκέοντα
821 1415 927 1495 ζῆν
977 1416 1166 1496 μοῖρα
1202 1413 1268 1475 κί
1310 1435 1373 1475 εν
1414 1413 1708 1475 θανάτου.

247 1494 446 1579 ἔμπης
483 1497 736 1581 συντυχί
822 1519 894 1579 γε
935 1498 1037 1559 καὶ
1075 1436 1397 1582 ἀλλοκὶότῳ
1444 1518 1559 1580 περ
1601 1493 1871 1581 ἔχαιρον.

332 1580 386 1642 ὦ
429 1579 636 1663 ἐρατοὶ
679 1603 723 1643 π
766 1582 969 1665 λεμοι,
1016 1581 1090 1644 αῖ
1123 1604 1191 1644 τε
1238 1583 1296 1645 δι
1344 1580 1644 1658 οστασίαι,

248 1662 470 1733 αἵτινες
512 1664 834 1735 ἀσπασίως
877 1667 1081 1813 ψυχὴν
1126 1604 1485 1750 συνδέιλαῇ
1534 1665 1796 1743 ἕνωσαν,

341 1750 558 1832 διπλῆν
605 1772 671 1812 τε
718 1750 908 1833 ζωὴν,
998 1751 1276 1814 ιπλᾶσιον
1318 1772 1384 1813 τε
1428 1749 1638 1834 μόρον.

328 1920 485 1982 Item
525 1940 603 1979 ex
622 1920 852 1981 Italioo.
894 1942 972 1981 ex
1001 1931 1288 2001 tempore.
1345 1918 1554 2004 Ψυχὴ,
1595 1920 1697 1983 καὶ
1728 1916 1980 2003 Χάρων.

244 2000 327 2068 Χ.
375 2000 630 2087 Χάρων,
673 2002 925 2088 Χάρων.
989 2002 1071 2067 Χ.
1118 2004 1204 2072 τίς
1242 2002 1427 2072 οὗτος
1467 2003 1746 2088 αὐθάδης
1775 2005 1936 2152 ἓοᾷς

246 2087 331 2152 Ψ.
378 2086 590 2157 πιστός
630 2087 693 2173 γ’
744 2087 1005 2174 ἐραστὴς
1045 2092 1154 2171 τῆς
1192 2089 1386 2173 πέραν
1434 2086 1686 2174 χρῄζων
1736 2091 1768 2153 ὁ
1814 2093 1909 2153 οὖ.

246 2172 330 2236 Ψ.
380 2177 498 2257 φεῦ
542 2177 652 2256 τῆς
696 2174 981 2258 ἀνάγκης.
1025 2175 1129 2237 καὶ
1173 2175 1262 2243 τίς
1301 2172 1603 2257 αὐθέντης
1647 2172 1682 2237 ἔ
1733 2196 1790 2251 υ,

245 2259 334 2326 τίς
371 2255 662 2364 αὐτόχειρ
709 2264 854 2335 σοός
900 2259 982 2322 Ψ.
1029 2259 1250 2337 δεινὸς,
1300 2260 1351 2322 ὦ
1402 2256 1657 2342 Χάρων,
1683 2198 1876 2342 ιἔρως.

246 2339 329 2406 Χ.
382 2341 576 2425 ἄλλην
619 2344 875 2406 απελθε.
925 2342 1068 2411 τοὺς
1117 2342 1379 2427 ἐραστὰς
1423 2343 1497 2406 οὐ
1540 2348 1734 2427 περῶ.

247 2427 332 2491 Ψ.
377 2426 599 2510 ταύτην
639 2427 920 2512 περοίσω,
965 2427 1076 2510 κῆν
1122 2427 1339 2510 θέλῃς,
1381 2427 1492 2510 κῆν
1541 2428 1624 2509 μὴ
1672 2426 1888 2511 θέλῃς,

247 2509 474 2595 ταύτην
525 2513 803 2595 περάσω.
855 2511 959 2575 καὶ
1000 2510 1116 2594 γὰρ
1155 2509 1239 2574 αὖ
1284 2510 1507 2578 τόσους
1552 2508 1685 2595 ἔχω

251 2595 542 2680 στερροὺς
585 2595 825 2665 ὀϊστοὺς
860 2601 1023 2680 κῆρι,
1065 2597 1169 2658 καὶ
1211 2596 1465 2680 γλήναις
1505 2596 1696 2681 λίβος,

249 2682 413 2745 ὥστε
454 2680 708 2766 σκάφος,
749 2683 962 2765 κώπην
1007 2703 1095 2759 τε,
1133 2681 1238 2744 καὶ
1278 2681 1493 2765 λίμνην
1530 2683 1749 2743 ποιεῖν.

426 2850 737 2903 Catharinae
782 2853 875 2902 des
919 2852 1122 2903 Roehes
1162 2852 1368 2917 puellae
1412 2851 1749 2902 Pictaviensis
1796 2849 2070 2917 (moribus,

557 2921 859 2982 eruditione,
894 2919 1063 2971 forma
1095 2920 1592 2988 praestantissimae)
1613 2920 1974 2985 Protrepticon
2006 2920 2074 2969 ad

553 2987 902 3040 christianiss.
937 2989 1135 3052 Regem
1160 2990 1441 3039 Henrieum
1454 2989 1556 3043 111.
1594 2988 1793 3040 Gallice
1817 2989 2072 3052 scriptum,

551 3066 604 3107 et
639 3057 847 3109 Graecis
896 3057 1089 3110 lambis
1143 3073 1173 3107 a
1211 3058 1437 3124 Iosepho
1480 3058 1745 3121 Scaligero
1783 3056 1879 3108 1121.
1925 3055 2073 3108 Caes.

550 3124 613 3179 F.
658 3141 980 3193 expressum.
1745 3124 1775 3157 ⁹

239 3204 379 3272 τοῖς
421 3203 642 3273 ἀξίοισι
685 3205 1003 3275 δεξιωθεὶς
1041 3208 1162 3269 τῶν
1206 3211 1404 3290 γερῶν

332 3290 489 3373 πρὸς
525 3293 644 3353 τῶν
689 3289 971 3367 ὀθνείων,
1012 3288 1166 3375 πρός
1199 3313 1267 3353 τε
1302 3292 1620 3374 τηλουρῶν
1659 3291 1817 3351 λεῶν

333 3375 654 3458 λαμπρῶς,
702 3375 876 3459 μόλις
919 3376 1019 3460 δὴ,
1067 3373 1294 3460 φέγγος
1331 3376 1580 3459 ἡρώων,
1629 3372 1803 3458 μόλις

334 3457 520 3544 φίλην
571 3458 803 3545 ἀνι-ἔρχῃ
847 3461 1001 3543 πρὸς
1042 3461 1276 3544 πάτραν
1327 3457 1751 3544 ἀπόστροφος·

329 3545 556 3611 καλαῖς
600 3542 661 3606 δ’
708 3544 1000 3629 ἀμοιβαῖς
1038 3545 1444 3632 ἀνταμείβεις,
1489 3544 1539 3608 ὦ
1586 3542 1809 3628 πρόμε,
