2452 4186
1102 321 1224 382 227

331 489 548 555 κλάοις
594 488 688 551 ἂν.
735 488 808 551 οὐ
855 488 925 552 δέ
971 487 1082 552 σοι’
1114 488 1306 573 φίλου
1343 484 1532 570 κόρου
1579 487 1731 549 ποτὲ

334 573 512 658 χάρις
552 572 782 655 γένοιτ’
834 571 928 653 ἂν,
974 573 1042 642 ὃς
1082 574 1374 654 λυγισμὸν
1416 568 1493 641 ,εό
1542 571 1711 655 μάλα

337 663 667 742 στροφοῖτο
711 658 1040 740 λυσίπυγον
1091 655 1538 740 ἐμμελέστατα.

340 742 408 804 σὲ
450 743 510 804 δ’
545 741 690 806 οὔτε
718 743 927 827 χερσὶν
975 742 1052 805 οὐ
1099 739 1468 827 φιλοστόβος
1510 738 1663 824 κόρη

335 826 674 912 τεθάλψετ’
716 827 790 890 οὐ
837 828 906 889 δὲ
954 832 1170 911 χρῶτα
1219 825 1744 909 συμπλακήσεται.

334 909 690 997 χαμαιτόπη
741 912 812 998 δὲ
861 908 1079 986 νωδὸς,
1121 913 1161 994 ἡ
1199 909 1573 992 παλαιγενὴς

333 995 617 1080 παρέστ’,
664 997 769 1081 ἐφ’
816 996 892 1079 ἧς
930 1019 1000 1079 γε
1044 996 1384 1080 δυσθεροῧς
1428 994 1770 1075 διασφαγὸς
1821 985 1850 1007 ’

333 1080 774 1166 παλιστρόφοις
821 1081 1027 1144 ἑλικτὰ
1066 1081 1322 1164 ῥυτίδων
1370 1080 1612 1164 σχιὸαῖς

336 1167 646 1250 ἀραχνίων
690 1165 956 1251 πέφλιδέ
998 1170 1338 1249 τριπτυχῶν
1386 1164 1564 1247 ῥάκη.

335 1250 474 1313 ἰδοὺ
514 1250 769 1335 παρέστ’
818 1250 893 1312 ἵν’
952 1252 1038 1319 ὥς
1073 1272 1141 1312 σε
1183 1250 1455 1332 τετράκις
1498 1248 1664 1330 μάλα

335 1333 604 1419 ἄβυσσον
653 1333 731 1397 αὖ
779 1334 1073 1419 βέρεθρον
1121 1334 1353 1416 ἐγκάπη
1402 1332 1582 1415 κάρα.

333 1419 693 1502 καρηβαρὴς
730 1419 925 1501 γένοι’
974 1418 1070 1495 ἂν,
1111 1417 1358 1485 ἔκτονος
1403 1415 1460 1478 τ’
1505 1415 1664 1500 ὄφις.

335 1503 487 1587 ἀτὰρ
530 1504 924 1590 παλιντριβής
963 1526 1033 1585 γε
1081 1507 1199 1587 φεῦ
1241 1503 1430 1564 τάλαν
1473 1501 1662 1561 τάλαν

333 1583 646 1671 ἐπιστερὲς
685 1587 944 1671 τέταρτα
986 1588 1321 1671 πληθυνεῖς
1359 1584 1558 1652 κότος.

332 1671 722 1757 ὑπέρφρονος
761 1672 821 1735 δ’
866 1671 936 1735 ἂν
984 1672 1098 1735 οὐκ
1138 1670 1310 1734 ὄναιο
1358 1671 1631 1752 λήματος

331 1757 457 1820 τότ’
504 1755 633 1829 οὖν,
684 1757 747 1825 ἐς
785 1758 938 1832 ἰλὺν,
982 1758 1020 1840 ἢ
1067 1755 1297 1840 ἀχανές
1338 1752 1529 1840 βάθος
1570 1754 1798 1815 πεσών.

330 1842 392 1905 τί
435 1839 519 1917 δ’;
573 1841 644 1904 οὐ
701 1841 930 1926 φρένας
977 1842 1035 1903 0’
1087 1841 1264 1925 ἐφῖκε
1308 1844 1416 1923 τῆς
1459 1838 1762 1922 ἀθυμίας;

289 1931 508 1989 ,τονῢν
554 1926 737 1988 ἀθῶά
785 1950 902 2009 μου
947 1925 1372 2009 καταπροΐξεο.

331 2010 480 2073 ὅταν
530 2012 598 2073 δὲ
641 2014 841 2080 κεῖνος
884 2013 1010 2074 ὧδε
1053 2014 1197 2078 παῖς
1241 2009 1539 2093 ἀφίξεται,
1654 2039 1661 2046 2

326 2095 535 2180 ψόφος
575 2095 647 2159 δέ
692 2098 752 2158 σ”
793 2096 919 2160 ’ὤτ)
967 2097 1264 2179 ἀπαρτίου
1308 2095 1501 2161 ποδὸς
1544 2095 1748 2178 βαλεῖ,

329 2181 560 2245 στόοιτ>
608 2179 679 2243 ἂν
727 2180 1149 2265 ὀρθόπρεμνος
1194 2178 1437 2264 ὄρχεων
1479 2177 1675 2253 τόνος,
1854 2257 1860 2261 ¹

326 2266 403 2328 τά
441 2267 499 2328 τ’
550 2266 753 2350 ἄρθρα
796 2265 1216 2348 τυμπανισμὸς
1263 2265 1567 2348 ἐμμενοῢς
1613 2259 1844 2345 σπόρου

327 2351 511 2435 λάβοι
555 2350 626 2413 ἂν
670 2352 1082 2434 ἀσφάδαστος.
1134 2349 1293 2410 ὥστε
1346 2349 1426 2431 μὴ
1476 2349 1716 2430 καμεῖν,

323 2437 503 2519 πρινή
552 2456 620 2497 σε
658 2434 854 2517 τέρμα
901 2432 1158 2516 λοισθίῳ
1202 2433 1369 2516 ὃάμῃ
1407 2430 1601 2514 κόπῳ.

727 2605 1120 2665 Prooemium
1165 2604 1309 2663 Auli
1348 2604 1566 2661 Persii.

238 2685 386 2750 οὔθ’
425 2684 831 2770 Ἱπποκρήνης
874 2688 1078 2773 λιβάδι
1118 2689 1331 2771 χεῖλος
1374 2683 1614 2769 ἔβρεξα,

324 2770 460 2834 οὔτ’
506 2772 568 2834 ἐν
617 2771 864 2857 λόφοισι
908 2771 1203 2855 δικρόοισι
1248 2768 1620 2854 Παρνασσοῦ

317 2854 1672 3024 ἔὲῗῗκξῖἳέἰυῗῗὲ-ρᾙῗῗρῖεῗέἷὺῆεῗζὲῗω

322 3025 544 3094 κείνοις
583 3027 891 3110 ἀφείσθω,
918 3028 1141 3094 ’κισσὸς
1180 3026 1264 3087 ὧν
1303 3025 1458 3087 καθε
1498 2962 1676 3094 ‘agaen

326 3109 583 3179 εἰκόνας.
621 3111 742 3194 ἐγὼ
787 3112 857 3173 δὲ
894 3110 1023 3177 τοῖς
1070 3108 1428 3193 ἀνακτόροις
1538 3110 1740 3170 ουσῶν

318 3195 795 3279 ἡμιστράτευτος
839 3193 1066 3276 τούμὸν
1110 3192 1257 3275 ἇσμ’
1305 3194 1623 3277 ἐσήνεγκα.

321 3279 428 3356 τίς,
477 3280 739 3363 ψίττακ’,
784 3276 1095 3363 ἐτράνωσέ
1138 3299 1237 3340 σοι
1282 3280 1349 3340 τὸ
1394 3278 1499 3339 σὸν
1540 3277 1753 3359 χαῖρε;

320 3362 543 3431 κίτταις
581 3365 858 3449 βροτείου
903 3363 990 3431 τίς
1030 3361 1218 3445 λόγου
1263 3360 1642 3445 καθηγητήςς

320 3447 372 3528 ἦ
411 3452 520 3510 νοδ
564 3451 833 3532 χορηγὸς
875 3447 977 3510 καὶ
1025 3448 1395 3533 διδάσκαλος
1438 3445 1656 3529 τέχνης
1770 3494 1783 3503 .

321 3530 617 3617 ἀνέφικτα
661 3534 827 3616 δεινὴ
876 3531 1095 3617 ῥήματ’
1152 3532 1447 3596 ἐκτυποῢν
1490 3529 1741 3615 γαστὴρ.

1524 3629 1651 3692 15·
