2452 4186
1086 304 1189 386 '21

249 480 451 539 Inflata
496 486 684 543 verba
720 507 850 546 rore
896 510 1010 550 non
1057 497 1346 557 Achaico.
1452 504 1696 582 [Ver-qil.
1728 513 1899 569 catal.
1921 512 2057 590 7,1]

248 564 468 624 Stolide
514 569 715 628 faceta
754 573 917 632 ducit
963 579 1121 637 hunc
1154 585 1465 645 vernilitas

244 651 504 729 Linguae
545 655 838 732 elegantis
877 680 1198 739 perperam
1238 670 1532 732 affectans
1573 677 1754 737 sales.

241 736 402 795 Alius
428 737 714 812 loquendi
744 744 927 820 figere
963 750 1210 825 ignarus
1249 756 1488 813 modum
1560 761 1983 839 [Douzapater
2003 769 2054 843 ζ’]

241 821 580 880 Orationem
626 827 886 887 admittit
928 843 1103 892 extra
1139 840 1453 914 terminos,
1503 914 1506 921 .

240 906 420 980 Quem
470 929 588 966 non
635 912 889 973 habenis
937 916 1148 980 Circus
1197 925 1406 984 effusis
1445 929 1627 1005 capit.

238 992 329 1049 Sic
368 993 672 1052 incolendi
713 1001 915 1074 perdit
959 1024 1200 1064 omnem
1248 1011 1501 1086 gratiam

234 1075 295 1133 In
333 1077 655 1137 laxitatem
695 1085 853 1143 ruris
895 1107 1222 1151 excurrens
1270 1095 1506 1156 domus.
1659 1101 1883 1177 [Senec.
1903 1107 1963 1164 ll.
1985 1105 2050 1185 9]

235 1161 496 1220 Offendit
539 1165 691 1223 alios
736 1168 1001 1244 planitas
1049 1180 1406 1254 aequabilis,
1756 1188 2048 1268 [Lipsius]

231 1245 415 1320 Quam
466 1247 700 1308 Caesar
740 1254 903 1329 olim,
957 1278 1135 1332 quam
1174 1264 1410 1325 colebat
1447 1267 1722 1342 Tullius3
2039 1280 2040 1283 ’

228 1329 596 1392 Constrictae
639 1337 702 1393 in
742 1350 969 1399 arctum
1010 1364 1164 1420 quos
1200 1349 1410 1407 iuvant
1451 1356 1741 1430 argutiae,

227 1415 386 1489 Quae
432 1439 548 1494 per
590 1421 862 1484 salebras
905 1428 1196 1504 saltitant,
1241 1454 1357 1492 non
1404 1439 1741 1512 ambulant3

223 1500 310 1572 Et,
354 1503 500 1561 dum
544 1505 806 1583 legentis
853 1512 1061 1572 haeret
1107 1522 1503 1594 exspectatiO,

221 1584 702 1665 Intelligendum,
747 1613 926 1668 quam
969 1599 1313 1677 legendum,
1349 1606 1488 1682 plus
1517 1608 1735 1669 ferunt.
1811 1612 2040 1688 [Senec.

295 1671 469 1747 Quae
518 1675 781 1734 delicata
824 1682 951 1739 vult
994 1689 1213 1744 morari
1258 1689 1507 1765 lumina,
1894 1701 1953 1758 ll.
1981 1702 2040 1779 1]

218 1755 284 1812 Et
311 1757 594 1833 linquere
628 1763 868 1839 animis,
901 1771 1055 1842 quod
1092 1784 1436 1848 reportetur
1470 1779 1734 1854 domum,

219 1837 299 1899 Sit
339 1844 718 1920 succulenta,
762 1869 880 1909 non
927 1854 1117 1913 obesa
1164 1860 1376 1933 oratio,

215 1925 489 2000 Illustris,
538 1941 702 2006 apta,
751 1937 998 2011 nobilis,
1039 1959 1178 2000 sese
1219 1945 1477 2004 efferens

213 2009 337 2070 Non
376 2014 541 2071 mole
587 2019 809 2091 carnis,
858 2024 966 2080 sed
1014 2028 1234 2087 torosis
1274 2033 1540 2091 artubus,

213 2095 515 2158 Sermonis
556 2102 678 2160 ista
723 2108 975 2181 sanitas,
1020 2119 1085 2168 ut
1132 2118 1427 2191 corporis3

210 2180 339 2241 Non
383 2203 547 2243 sana
588 2195 818 2246 tantum
864 2197 1155 2269 membra,
1202 2220 1406 2258 verum
1458 2204 1702 2264 alacria.

209 2264 288 2325 Sit
326 2289 657 2330 aureorum
707 2274 841 2333 luce
887 2282 1203 2339 verborum
1250 2285 1379 2359 lita,

208 2349 288 2410 Sit
329 2363 582 2430 compta
618 2361 823 2418 nativa
861 2363 1089 2438 indole,
1138 2377 1197 2425 et
1241 2391 1364 2429 non
1414 2376 1726 2449 squalidae

202 2439 598 2514 Antiquitatis
644 2445 922 2505 obsoleta
969 2452 1272 2513 sordibus.

205 2520 293 2579 Sic
339 2534 567 2583 cuncta
608 2530 820 2604 variet,
869 2545 1101 2593 constet
1136 2547 1201 2596 ut
1246 2541 1464 2601 similis
1505 2545 1640 2603 sibi.

200 2603 416 2670 Similis
466 2611 591 2669 sibi
632 2605 720 2671 sic
765 2628 1018 2692 constet,
1065 2631 1130 2679 ut
1163 2626 1330 2682 varie
1373 2627 1553 2685 iuvet.

201 2692 378 2765 Quem
425 2696 633 2771 pascit
671 2701 909 2760 avidum
958 2709 1211 2766 masculi
1256 2730 1468 2771 succus
1512 2714 1656 2787 stili,

198 2774 442 2857 Semper
483 2794 732 2841 recente
773 2790 1046 2862 postulat
1083 2796 1250 2851 refici
1296 2797 1472 2873 dape.

196 2861 263 2919 Et
300 2866 616 2926 audiendo
665 2870 760 2927 vel
807 2871 1060 2949 legendo
1100 2879 1335 2953 frivola,

197 2944 456 3009 Conviva
504 2961 799 3029 tanquam
843 2957 1125 3036 languido
1169 2967 1484 3025 stomacho
1529 2972 1822 3046 oscitans,

196 3028 251 3089 Si
292 3037 376 3092 nil
422 3039 731 3096 iacentem
779 3048 1146 3105 recreaverit
1188 3050 1431 3123 famem,

195 3114 390 3178 Risum
436 3124 506 3180 in
559 3124 943 3201 quibusdam,
991 3150 1272 3191 somnum
1311 3138 1371 3193 in
1422 3138 1558 3197 aliis
1600 3139 1704 3196 vix
1749 3147 1933 3200 tenet.

220 3287 340 3346 Hoc
374 3311 615 3350 carmen
655 3296 992 3371 inscriptum
1031 3311 1114 3357 est
1151 3303 1303 3361 Albo
1347 3306 1674 3366 Amicorum
1704 3312 1971 3371 Danielis

616 3378 860 3450 Heinsii,
908 3402 1035 3440 cum
1079 3386 1182 3442 hoc
1231 3393 1587 3449 tetrasticho:

192 3451 340 3515 Haec
375 3461 604 3533 melius
641 3464 843 3522 fuerat
885 3470 1151 3528 tenebris
1192 3471 1477 3532 damnata
1515 3477 1703 3550 sileri,

258 3541 331 3601 Et
371 3548 580 3605 maius
624 3549 887 3624 pretium
934 3553 1322 3615 dissimulare
1360 3559 1545 3618 foret:
