<?xml version="1.0" encoding="UTF-8"?>
<!DOCTYPE html PUBLIC "-//W3C//DTD XHTML 1.0 Transitional//EN"
    "http://www.w3.org/TR/xhtml1/DTD/xhtml1-transitional.dtd">
<html xmlns="http://www.w3.org/1999/xhtml" xml:lang="en" lang="en">
 <head>
  <title>
</title>
<meta http-equiv="Content-Type" content="text/html;charset=utf-8" />
  <meta name='ocr-system' content='tesseract 3.04.00' />
  <meta name='ocr-capabilities' content='ocr_page ocr_carea ocr_par ocr_line ocrx_word'/>
</head>
<body>
  <div class='ocr_page' id='page_1' title='image "./iosephiscaliger02scalgoog/iosephiscaliger02scalgoog_0210.png"; bbox 0 0 2452 4186; ppageno 0'>
   <div class='ocr_carea' id='block_1_1' title="bbox 1278 300 1402 361">
    <p class='ocr_par' dir='ltr' id='par_1_1' title="bbox 1278 300 1402 361">
     <span class='ocr_line' id='line_1_1' title="bbox 1278 300 1402 361; baseline 0 0"><span class='ocrx_word' id='word_1_1' title='bbox 1278 300 1402 361; x_wconf 82' lang='grc'>208</span> 
     </span>
    </p>
   </div>
   <div class='ocr_carea' id='block_1_2' title="bbox 1185 386 1491 394">
    <p class='ocr_par' dir='ltr' id='par_1_2' title="bbox 1185 386 1491 394">
     <span class='ocr_line' id='line_1_2' title="bbox 1185 386 1491 394; baseline 0 0"><span class='ocrx_word' id='word_1_2' title='bbox 1185 386 1491 394; x_wconf 95' lang='lat' dir='ltr'> </span> 
     </span>
    </p>
   </div>
   <div class='ocr_carea' id='block_1_3' title="bbox 431 414 2239 1225">
    <p class='ocr_par' dir='ltr' id='par_1_3' title="bbox 432 414 2231 635">
     <span class='ocr_line' id='line_1_3' title="bbox 432 414 2231 570; baseline 0 -42"><span class='ocrx_word' id='word_1_3' title='bbox 432 468 527 541; x_wconf 88' lang='grc'>14,</span> <span class='ocrx_word' id='word_1_4' title='bbox 551 470 655 529; x_wconf 88' lang='grc'>83.</span> <span class='ocrx_word' id='word_1_5' title='bbox 683 470 803 528; x_wconf 86' lang='grc' dir='ltr'>τῶν</span> <span class='ocrx_word' id='word_1_6' title='bbox 855 466 1043 549; x_wconf 83' lang='grc' dir='ltr'>ὤμων</span> <span class='ocrx_word' id='word_1_7' title='bbox 1085 466 1239 570; x_wconf 87' lang='grc' dir='ltr'>χεὶρ</span> <span class='ocrx_word' id='word_1_8' title='bbox 1266 464 1373 548; x_wconf 82' lang='grc' dir='ltr'>ἥδ’</span> <span class='ocrx_word' id='word_1_9' title='bbox 1421 414 1815 539; x_wconf 80' lang='grc' dir='ltr'>α’παλέΕεται,</span> <span class='ocrx_word' id='word_1_10' title='bbox 1853 464 1920 528; x_wconf 81' lang='grc' dir='ltr'>εἴ</span> <span class='ocrx_word' id='word_1_11' title='bbox 1941 463 2001 527; x_wconf 75' lang='grc' dir='ltr'>σ’</span> <span class='ocrx_word' id='word_1_12' title='bbox 2029 466 2231 549; x_wconf 84' lang='grc' dir='ltr'>ἀνιηρὴ</span> 
     </span>
     <span class='ocr_line' id='line_1_4' title="bbox 589 543 2122 658; baseline 0.001 -46"><span class='ocrx_word' id='word_1_13' title='bbox 589 543 604 558; x_wconf 74' lang='grc'><strong><em>’</em></strong></span> <span class='ocrx_word' id='word_1_14' title='bbox 680 551 887 656; x_wconf 78' lang='grc' dir='ltr'>ψύλλα</span> <span class='ocrx_word' id='word_1_15' title='bbox 933 551 1121 658; x_wconf 55' lang='grc' dir='ltr'>δάκῃ,</span> <span class='ocrx_word' id='word_1_16' title='bbox 1163 549 1401 658; x_wconf 83' lang='grc' dir='ltr'>ψύλλης</span> <span class='ocrx_word' id='word_1_17' title='bbox 1441 549 1481 634; x_wconf 85' lang='grc' dir='ltr'>ἤ</span> <span class='ocrx_word' id='word_1_18' title='bbox 1524 573 1578 611; x_wconf 86' lang='grc' dir='ltr'>τι</span> <span class='ocrx_word' id='word_1_19' title='bbox 1626 548 2122 654; x_wconf 83' lang='grc' dir='ltr'>βδελυκτύτερον.</span> 
     </span>
    </p>

    <p class='ocr_par' dir='ltr' id='par_1_4' title="bbox 432 633 2161 803">
     <span class='ocr_line' id='line_1_5' title="bbox 432 633 2161 740; baseline -0.001 -43"><span class='ocrx_word' id='word_1_20' title='bbox 432 637 528 711; x_wconf 90' lang='grc'>14,</span> <span class='ocrx_word' id='word_1_21' title='bbox 548 639 651 699; x_wconf 90' lang='grc'>84.</span> <span class='ocrx_word' id='word_1_22' title='bbox 682 636 747 697; x_wconf 86' lang='grc' dir='ltr'>αἱ</span> <span class='ocrx_word' id='word_1_23' title='bbox 772 635 1004 740; x_wconf 85' lang='grc' dir='ltr'>βίβλοι</span> <span class='ocrx_word' id='word_1_24' title='bbox 1032 634 1282 716; x_wconf 77' lang='grc' dir='ltr'>πώγων’</span> <span class='ocrx_word' id='word_1_25' title='bbox 1324 635 1432 696; x_wconf 85' lang='grc' dir='ltr'>ινα</span> <span class='ocrx_word' id='word_1_26' title='bbox 1480 634 1561 718; x_wconf 86' lang='grc' dir='ltr'>μὴ</span> <span class='ocrx_word' id='word_1_27' title='bbox 1608 633 1874 718; x_wconf 84' lang='grc' dir='ltr'>φύσωσι,</span> <span class='ocrx_word' id='word_1_28' title='bbox 1919 636 2161 718; x_wconf 84' lang='grc' dir='ltr'>ποιήσει</span> 
     </span>
     <span class='ocr_line' id='line_1_6' title="bbox 680 719 2161 823; baseline -0.004 -41"><span class='ocrx_word' id='word_1_29' title='bbox 680 719 873 801; x_wconf 81' lang='grc' dir='ltr'>πεύκη</span> <span class='ocrx_word' id='word_1_30' title='bbox 914 719 1057 787; x_wconf 82' lang='grc' dir='ltr'>τοὺς</span> <span class='ocrx_word' id='word_1_31' title='bbox 1101 719 1335 823; x_wconf 89' lang='grc' dir='ltr'>χάρτας</span> <span class='ocrx_word' id='word_1_32' title='bbox 1376 720 1492 802; x_wconf 84' lang='grc' dir='ltr'>ἥδε</span> <span class='ocrx_word' id='word_1_33' title='bbox 1534 720 2161 803; x_wconf 87' lang='grc' dir='ltr'>πολυχρονίους..</span> 
     </span>
    </p>

    <p class='ocr_par' dir='ltr' id='par_1_5' title="bbox 434 801 2238 972">
     <span class='ocr_line' id='line_1_7' title="bbox 434 801 2238 912; baseline -0.001 -45"><span class='ocrx_word' id='word_1_34' title='bbox 434 808 529 879; x_wconf 92' lang='grc'>14,</span> <span class='ocrx_word' id='word_1_35' title='bbox 548 808 651 868; x_wconf 88' lang='grc'>86.</span> <span class='ocrx_word' id='word_1_36' title='bbox 682 804 998 912; x_wconf 86' lang='grc' dir='ltr'>στρώμαθ’</span> <span class='ocrx_word' id='word_1_37' title='bbox 1036 801 1382 879; x_wconf 75' lang='grc' dir='ltr'>ύπόζωσον,</span> <span class='ocrx_word' id='word_1_38' title='bbox 1412 802 1706 908; x_wconf 81' lang='grc' dir='ltr'>θηρευτὰ,</span> <span class='ocrx_word' id='word_1_39' title='bbox 1745 804 2238 888; x_wconf 78' lang='grc' dir='ltr'>μώνυχικούφῳ.</span> 
     </span>
     <span class='ocr_line' id='line_1_8' title="bbox 684 886 1992 990; baseline -0.002 -38.994"><span class='ocrx_word' id='word_1_40' title='bbox 684 889 866 955; x_wconf 81' lang='grc' dir='ltr'>ιππος</span> <span class='ocrx_word' id='word_1_41' title='bbox 900 887 1015 971; x_wconf 79' lang='grc' dir='ltr'>γὰρ</span> <span class='ocrx_word' id='word_1_42' title='bbox 1066 892 1249 951; x_wconf 78' lang='grc' dir='ltr'>σῦκον</span> <span class='ocrx_word' id='word_1_43' title='bbox 1293 886 1593 971; x_wconf 71' lang='grc' dir='ltr'>γυμνὸς”</span> <span class='ocrx_word' id='word_1_44' title='bbox 1558 911 1769 990; x_wconf 82' lang='grc' dir='ltr'>εφυσε</span> <span class='ocrx_word' id='word_1_45' title='bbox 1796 887 1992 970; x_wconf 90' lang='grc' dir='ltr'>θαμά.</span> 
     </span>
    </p>

    <p class='ocr_par' dir='ltr' id='par_1_6' title="bbox 433 971 2239 1141">
     <span class='ocr_line' id='line_1_9' title="bbox 433 971 2239 1081; baseline -0.002 -45"><span class='ocrx_word' id='word_1_46' title='bbox 433 976 528 1049; x_wconf 91' lang='grc'>14,</span> <span class='ocrx_word' id='word_1_47' title='bbox 549 977 650 1036; x_wconf 92' lang='grc'><strong>87.</strong></span> <span class='ocrx_word' id='word_1_48' title='bbox 682 977 869 1055; x_wconf 81' lang='grc' dir='ltr'>σῖγμα</span> <span class='ocrx_word' id='word_1_49' title='bbox 888 971 1793 1081; x_wconf 55' lang='lat' dir='ltr'>oeknvffiBecxapdpmpakdss’.</span> <span class='ocrx_word' id='word_1_50' title='bbox 1825 972 2239 1056; x_wconf 81' lang='grc' dir='ltr'>ὀγδοάδοςμὲν</span> 
     </span>
     <span class='ocr_line' id='line_1_10' title="bbox 683 1055 2110 1141; baseline -0.001 -22"><span class='ocrx_word' id='word_1_51' title='bbox 683 1055 951 1119; x_wconf 84' lang='grc' dir='ltr'>δεκτικόν</span> <span class='ocrx_word' id='word_1_52' title='bbox 999 1057 1176 1119; x_wconf 85' lang='grc' dir='ltr'>ἐστιν.</span> <span class='ocrx_word' id='word_1_53' title='bbox 1225 1056 1409 1120; x_wconf 77' lang='grc' dir='ltr'>ἵκοιθ’</span> <span class='ocrx_word' id='word_1_54' title='bbox 1455 1057 1619 1126; x_wconf 82' lang='grc' dir='ltr'>ὅστις</span> <span class='ocrx_word' id='word_1_55' title='bbox 1663 1055 1865 1119; x_wconf 82' lang='grc' dir='ltr'><strong>ἔσοιτο</strong></span> <span class='ocrx_word' id='word_1_56' title='bbox 1911 1058 2110 1141; x_wconf 84' lang='grc' dir='ltr'><strong>φίλος.</strong></span> 
     </span>
    </p>

    <p class='ocr_par' dir='ltr' id='par_1_7' title="bbox 431 1135 2155 1225">
     <span class='ocr_line' id='line_1_11' title="bbox 431 1135 2155 1225; baseline -0.001 -20"><span class='ocrx_word' id='word_1_57' title='bbox 431 1145 529 1217; x_wconf 91' lang='lat'>14,</span> <span class='ocrx_word' id='word_1_58' title='bbox 549 1135 651 1206; x_wconf 84' lang='lat'>89.</span> <span class='ocrx_word' id='word_1_59' title='bbox 681 1142 975 1225; x_wconf 84' lang='grc' dir='ltr'>εὐδαῖμον</span> <span class='ocrx_word' id='word_1_60' title='bbox 1012 1142 1275 1224; x_wconf 80' lang='grc' dir='ltr'>δώρημα</span> <span class='ocrx_word' id='word_1_61' title='bbox 1309 1142 1549 1225; x_wconf 88' lang='grc' dir='ltr'>κίτρους</span> <span class='ocrx_word' id='word_1_62' title='bbox 1577 1141 1970 1209; x_wconf 81' lang='grc' dir='ltr'>Ἀτλαντίδος</span> <span class='ocrx_word' id='word_1_63' title='bbox 2008 1143 2155 1224; x_wconf 80' lang='grc' dir='ltr'>ὕλης</span> 
     </span>
    </p>
   </div>
   <div class='ocr_carea' id='block_1_4' title="bbox 2436 318 2442 1227">
    <p class='ocr_par' dir='ltr' id='par_1_8' title="bbox 2436 318 2442 1227">
     <span class='ocr_line' id='line_1_12' title="bbox 2436 318 2442 1227; baseline 0 0"><span class='ocrx_word' id='word_1_64' title='bbox 2436 318 2442 1227; x_wconf 95' lang='lat' dir='ltr'> </span> 
     </span>
    </p>
   </div>
   <div class='ocr_carea' id='block_1_5' title="bbox 623 1223 2353 1334">
    <p class='ocr_par' dir='ltr' id='par_1_9' title="bbox 623 1223 2353 1334">
     <span class='ocr_line' id='line_1_13' title="bbox 623 1223 2353 1334; baseline 0.002 -45.136"><span class='ocrx_word' id='word_1_65' title='bbox 623 1228 978 1331; x_wconf 85' lang='grc' dir='ltr'>λάμβανε.</span> <span class='ocrx_word' id='word_1_66' title='bbox 1026 1226 1199 1309; x_wconf 88' lang='grc' dir='ltr'>δῶρα</span> <span class='ocrx_word' id='word_1_67' title='bbox 1219 1228 1462 1334; x_wconf 88' lang='grc' dir='ltr'>λαβὼν</span> <span class='ocrx_word' id='word_1_68' title='bbox 1500 1224 1711 1333; x_wconf 86' lang='grc' dir='ltr'>χρύσε’</span> <span class='ocrx_word' id='word_1_69' title='bbox 1756 1223 2014 1290; x_wconf 81' lang='grc' dir='ltr'>ἔλαττον</span> <span class='ocrx_word' id='word_1_70' title='bbox 2059 1224 2240 1310; x_wconf 74' lang='grc' dir='ltr'><strong>ἔχοις.</strong></span> <span class='ocrx_word' id='word_1_71' title='bbox 2349 1299 2353 1303; x_wconf 61' lang='grc'>,</span> 
     </span>
    </p>
   </div>
   <div class='ocr_carea' id='block_1_6' title="bbox 432 1308 2245 2179">
    <p class='ocr_par' dir='ltr' id='par_1_10' title="bbox 433 1308 2240 1503">
     <span class='ocr_line' id='line_1_14' title="bbox 433 1308 2240 1418; baseline -0.001 -43"><span class='ocrx_word' id='word_1_72' title='bbox 433 1314 531 1387; x_wconf 88' lang='grc'>14,</span> <span class='ocrx_word' id='word_1_73' title='bbox 551 1314 653 1375; x_wconf 87' lang='grc'>90.</span> <span class='ocrx_word' id='word_1_74' title='bbox 683 1312 818 1418; x_wconf 78' lang='grc' dir='ltr'>μήτ’</span> <span class='ocrx_word' id='word_1_75' title='bbox 871 1310 1048 1393; x_wconf 83' lang='grc' dir='ltr'>οὔλη,</span> <span class='ocrx_word' id='word_1_76' title='bbox 1096 1309 1234 1416; x_wconf 83' lang='grc' dir='ltr'>μήτ’</span> <span class='ocrx_word' id='word_1_77' title='bbox 1282 1312 1405 1393; x_wconf 89' lang='grc' dir='ltr'>εἰμὶ</span> <span class='ocrx_word' id='word_1_78' title='bbox 1450 1310 1626 1393; x_wconf 83' lang='grc' dir='ltr'>γένος</span> <span class='ocrx_word' id='word_1_79' title='bbox 1665 1308 2040 1394; x_wconf 88' lang='grc' dir='ltr'>Μαυρίτιδος</span> <span class='ocrx_word' id='word_1_80' title='bbox 2082 1311 2240 1392; x_wconf 80' lang='grc' dir='ltr'>ὕλης.</span> 
     </span>
     <span class='ocr_line' id='line_1_15' title="bbox 686 1393 1976 1505; baseline -0.001 -46"><span class='ocrx_word' id='word_1_81' title='bbox 686 1394 843 1478; x_wconf 82' lang='grc' dir='ltr'><strong>ἔγνω</strong></span> <span class='ocrx_word' id='word_1_82' title='bbox 892 1393 1150 1505; x_wconf 47' lang='lat' dir='ltr'>Mqatke</span> <span class='ocrx_word' id='word_1_83' title='bbox 1085 1419 1192 1464; x_wconf 84' lang='grc' dir='ltr'><strong>..ας</strong></span> <span class='ocrx_word' id='word_1_84' title='bbox 1236 1396 1338 1459; x_wconf 81' lang='grc' dir='ltr'>καὶ</span> <span class='ocrx_word' id='word_1_85' title='bbox 1385 1396 1535 1464; x_wconf 75' lang='grc' dir='ltr'>ξύλα</span> <span class='ocrx_word' id='word_1_86' title='bbox 1582 1396 1790 1462; x_wconf 84' lang='grc' dir='ltr'>δαῖτας</span> <span class='ocrx_word' id='word_1_87' title='bbox 1804 1395 1976 1478; x_wconf 82' lang='grc' dir='ltr'>ἐμά.</span> 
     </span>
    </p>

    <p class='ocr_par' dir='ltr' id='par_1_11' title="bbox 432 1459 2243 1649">
     <span class='ocr_line' id='line_1_16' title="bbox 432 1459 2243 1564; baseline -0.002 -20"><span class='ocrx_word' id='word_1_88' title='bbox 432 1483 529 1557; x_wconf 90' lang='grc'>14,</span> <span class='ocrx_word' id='word_1_89' title='bbox 549 1484 651 1543; x_wconf 87' lang='grc'>91.</span> <span class='ocrx_word' id='word_1_90' title='bbox 683 1483 898 1564; x_wconf 87' lang='grc' dir='ltr'>σώματ</span> <span class='ocrx_word' id='word_1_91' title='bbox 972 1482 1330 1564; x_wconf 85' lang='grc' dir='ltr'>αειράμενοι</span> <span class='ocrx_word' id='word_1_92' title='bbox 1371 1479 1626 1563; x_wconf 86' lang='grc' dir='ltr'>ταύρεια</span> <span class='ocrx_word' id='word_1_93' title='bbox 1671 1459 1951 1561; x_wconf 81' lang='grc' dir='ltr'>πελώρια</span> <span class='ocrx_word' id='word_1_94' title='bbox 2000 1484 2132 1549; x_wconf 85' lang='grc' dir='ltr'>πῶς</span> <span class='ocrx_word' id='word_1_95' title='bbox 2174 1477 2243 1541; x_wconf 80' lang='grc' dir='ltr'>οὐ</span> 
     </span>
     <span class='ocr_line' id='line_1_17' title="bbox 686 1564 2103 1649; baseline -0.002 -21"><span class='ocrx_word' id='word_1_96' title='bbox 686 1567 789 1628; x_wconf 90' lang='grc' dir='ltr'>καὶ</span> <span class='ocrx_word' id='word_1_97' title='bbox 843 1565 1091 1632; x_wconf 82' lang='grc' dir='ltr'>σανίδας</span> <span class='ocrx_word' id='word_1_98' title='bbox 1132 1565 1401 1649; x_wconf 84' lang='grc' dir='ltr'>Λιβυκὰς</span> <span class='ocrx_word' id='word_1_99' title='bbox 1439 1564 1641 1648; x_wconf 84' lang='grc' dir='ltr'>ἅρκιοι</span> <span class='ocrx_word' id='word_1_100' title='bbox 1691 1565 1808 1627; x_wconf 88' lang='grc' dir='ltr'>εἰσὶ</span> <span class='ocrx_word' id='word_1_101' title='bbox 1856 1564 2010 1647; x_wconf 80' lang='grc' dir='ltr'>φέρε</span> <span class='ocrx_word' id='word_1_102' title='bbox 1979 1588 2103 1640; x_wconf 80' lang='grc' dir='ltr'>ιν;</span> 
     </span>
    </p>

    <p class='ocr_par' dir='ltr' id='par_1_12' title="bbox 434 1649 2085 1734">
     <span class='ocr_line' id='line_1_18' title="bbox 434 1649 2085 1734; baseline -0.001 -22"><span class='ocrx_word' id='word_1_103' title='bbox 434 1654 530 1726; x_wconf 89' lang='grc'>14,</span> <span class='ocrx_word' id='word_1_104' title='bbox 554 1654 653 1713; x_wconf 85' lang='grc'><strong>92.</strong></span> <span class='ocrx_word' id='word_1_105' title='bbox 684 1673 753 1713; x_wconf 88' lang='grc' dir='ltr'>κε</span> <span class='ocrx_word' id='word_1_106' title='bbox 724 1651 937 1733; x_wconf 75' lang='grc' dir='ltr'>εντητὴ</span> <span class='ocrx_word' id='word_1_107' title='bbox 987 1655 1311 1732; x_wconf 84' lang='grc' dir='ltr'>στιγμαῖσι,</span> <span class='ocrx_word' id='word_1_108' title='bbox 1354 1652 1482 1734; x_wconf 79' lang='grc' dir='ltr'>θοῇ</span> <span class='ocrx_word' id='word_1_109' title='bbox 1525 1652 1783 1734; x_wconf 79' lang='grc' dir='ltr'>γλωχινι</span> <span class='ocrx_word' id='word_1_110' title='bbox 1829 1649 2085 1712; x_wconf 80' lang='grc' dir='ltr'>δεθεῖσα</span> 
     </span>
    </p>

    <p class='ocr_par' dir='ltr' id='par_1_13' title="bbox 434 1732 2244 1987">
     <span class='ocr_line' id='line_1_19' title="bbox 434 1732 2244 1927; baseline -0.002 -44"><span class='ocrx_word' id='word_1_111' title='bbox 434 1823 532 1896; x_wconf 89' lang='grc'>14,</span> <span class='ocrx_word' id='word_1_112' title='bbox 553 1823 654 1883; x_wconf 89' lang='lat'>93.</span> <span class='ocrx_word' id='word_1_113' title='bbox 681 1758 760 1882; x_wconf 54' lang='grc' dir='ltr'>ξιξ</span> <span class='ocrx_word' id='word_1_114' title='bbox 763 1732 1175 1881; x_wconf 47' lang='grc' dir='ltr'><strong>ἴννοεᾷνέἒῖῖεέεο</strong></span> <span class='ocrx_word' id='word_1_115' title='bbox 1184 1734 2140 1927; x_wconf 39' lang='grc' dir='ltr'>ῗθχξῑῑιίτέῐρζζλῖβέζῖὶοῗέἴοῗῖγ</span> <span class='ocrx_word' id='word_1_116' title='bbox 2146 1841 2244 1901; x_wconf 91' lang='grc' dir='ltr'>μα.</span> 
     </span>
     <span class='ocr_line' id='line_1_20' title="bbox 674 1902 2245 1987; baseline 0.001 -21.004"><span class='ocrx_word' id='word_1_117' title='bbox 674 1908 818 1967; x_wconf 87' lang='grc' dir='ltr'>πῖνε</span> <span class='ocrx_word' id='word_1_118' title='bbox 860 1906 1054 1967; x_wconf 91' lang='grc' dir='ltr'>πάλαι</span> <span class='ocrx_word' id='word_1_119' title='bbox 1095 1902 1356 1987; x_wconf 80' lang='grc' dir='ltr'>Μέντωρ</span> <span class='ocrx_word' id='word_1_120' title='bbox 1401 1904 1591 1967; x_wconf 79' lang='grc' dir='ltr'>τοῖσδ’</span> <span class='ocrx_word' id='word_1_121' title='bbox 1639 1902 1750 1982; x_wconf 84' lang='grc' dir='ltr'>ἔνι,</span> <span class='ocrx_word' id='word_1_122' title='bbox 1795 1908 1987 1965; x_wconf 78' lang='grc' dir='ltr'>ταῦτα</span> <span class='ocrx_word' id='word_1_123' title='bbox 2035 1908 2245 1967; x_wconf 87' lang='grc' dir='ltr'>ποιῶν.</span> 
     </span>
    </p>

    <p class='ocr_par' dir='ltr' id='par_1_14' title="bbox 436 1987 2159 2158">
     <span class='ocr_line' id='line_1_21' title="bbox 436 1987 2159 2095; baseline -0.001 -44"><span class='ocrx_word' id='word_1_124' title='bbox 436 1992 531 2065; x_wconf 92' lang='grc'>14,</span> <span class='ocrx_word' id='word_1_125' title='bbox 552 1992 652 2051; x_wconf 90' lang='lat'>94.</span> <span class='ocrx_word' id='word_1_126' title='bbox 681 1992 991 2072; x_wconf 79' lang='grc' dir='ltr'>τολμηρῆς</span> <span class='ocrx_word' id='word_1_127' title='bbox 1033 1988 1219 2051; x_wconf 82' lang='grc' dir='ltr'>ὑέλου</span> <span class='ocrx_word' id='word_1_128' title='bbox 1264 1988 1655 2095; x_wconf 79' lang='grc' dir='ltr'>δημοπρεπὲς</span> <span class='ocrx_word' id='word_1_129' title='bbox 1699 1989 1824 2068; x_wconf 82' lang='grc' dir='ltr'>εἰμὶ</span> <span class='ocrx_word' id='word_1_130' title='bbox 1867 1987 2159 2071; x_wconf 87' lang='grc' dir='ltr'>τόρευμα,</span> 
     </span>
     <span class='ocr_line' id='line_1_22' title="bbox 684 2070 2053 2179; baseline -0.001 -44"><span class='ocrx_word' id='word_1_131' title='bbox 684 2073 820 2136; x_wconf 78' lang='grc' dir='ltr'>οὐδ’</span> <span class='ocrx_word' id='word_1_132' title='bbox 876 2074 1023 2155; x_wconf 75' lang='grc' dir='ltr'>ὕλην</span> <span class='ocrx_word' id='word_1_133' title='bbox 1075 2074 1242 2156; x_wconf 75' lang='grc' dir='ltr'>ὕδωρ</span> <span class='ocrx_word' id='word_1_134' title='bbox 1287 2074 1519 2179; x_wconf 82' lang='grc' dir='ltr'>θερμὸν</span> <span class='ocrx_word' id='word_1_135' title='bbox 1567 2070 1838 2178; x_wconf 76' lang='grc' dir='ltr'>ἔβλαψεν</span> <span class='ocrx_word' id='word_1_136' title='bbox 1878 2072 2053 2157; x_wconf 82' lang='grc' dir='ltr'>ἐμήν.</span> 
     </span>
    </p>
   </div>
   <div class='ocr_carea' id='block_1_7' title="bbox 236 2113 2246 2306">
    <p class='ocr_par' dir='ltr' id='par_1_15' title="bbox 236 2113 2246 2306">
     <span class='ocr_line' id='line_1_23' title="bbox 236 2113 2246 2306; baseline 0.002 -90"><span class='ocrx_word' id='word_1_137' title='bbox 236 2160 268 2190; x_wconf 92' lang='grc'>’·</span> <span class='ocrx_word' id='word_1_138' title='bbox 382 2263 384 2266; x_wconf 6' lang='grc' dir='ltr'><em>Α</em></span> <span class='ocrx_word' id='word_1_139' title='bbox 436 2161 531 2234; x_wconf 90' lang='grc'>14,</span> <span class='ocrx_word' id='word_1_140' title='bbox 552 2161 654 2221; x_wconf 84' lang='grc'><strong>95.</strong></span> <span class='ocrx_word' id='word_1_141' title='bbox 686 2159 742 2220; x_wconf 84' lang='grc' dir='ltr'>εἰ</span> <span class='ocrx_word' id='word_1_142' title='bbox 780 2159 880 2221; x_wconf 89' lang='grc' dir='ltr'>και</span> <span class='ocrx_word' id='word_1_143' title='bbox 905 2113 1267 2221; x_wconf 83' lang='grc' dir='ltr'>Καλλαικου</span> <span class='ocrx_word' id='word_1_144' title='bbox 1313 2158 1584 2306; x_wconf 56' lang='grc' dir='ltr'>πέλομαι</span> <span class='ocrx_word' id='word_1_145' title='bbox 1619 2156 1893 2242; x_wconf 81' lang='grc' dir='ltr'>γέννημα</span> <span class='ocrx_word' id='word_1_146' title='bbox 1920 2160 2246 2240; x_wconf 82' lang='grc' dir='ltr'>μετάλλου,</span> 
     </span>
    </p>
   </div>
   <div class='ocr_carea' id='block_1_8' title="bbox 434 2241 2247 2602">
    <p class='ocr_par' dir='ltr' id='par_1_16' title="bbox 683 2241 2097 2327">
     <span class='ocr_line' id='line_1_24' title="bbox 683 2241 2097 2327; baseline 0 -23"><span class='ocrx_word' id='word_1_147' title='bbox 683 2247 1015 2327; x_wconf 82' lang='grc' dir='ltr'>καυχῶμαι</span> <span class='ocrx_word' id='word_1_148' title='bbox 1058 2242 1270 2327; x_wconf 81' lang='grc' dir='ltr'>τέχνῃ,</span> <span class='ocrx_word' id='word_1_149' title='bbox 1317 2267 1424 2306; x_wconf 84' lang='grc' dir='ltr'>του</span> <span class='ocrx_word' id='word_1_150' title='bbox 1510 2242 1646 2311; x_wconf 85' lang='grc' dir='ltr'>Ῑυὸς</span> <span class='ocrx_word' id='word_1_151' title='bbox 1690 2241 1874 2305; x_wconf 74' lang='grc' dir='ltr'>οὖσα·</span> <span class='ocrx_word' id='word_1_152' title='bbox 1891 2242 2097 2310; x_wconf 83' lang='grc' dir='ltr'><strong>πόνος.</strong></span> 
     </span>
    </p>

    <p class='ocr_par' dir='ltr' id='par_1_17' title="bbox 434 2325 2246 2497">
     <span class='ocr_line' id='line_1_25' title="bbox 434 2325 2246 2433; baseline -0.001 -43"><span class='ocrx_word' id='word_1_153' title='bbox 434 2331 532 2404; x_wconf 88' lang='grc'>14,</span> <span class='ocrx_word' id='word_1_154' title='bbox 554 2330 654 2390; x_wconf 90' lang='grc'>97.</span> <span class='ocrx_word' id='word_1_155' title='bbox 686 2328 766 2431; x_wconf 81' lang='grc' dir='ltr'>μὴ</span> <span class='ocrx_word' id='word_1_156' title='bbox 816 2329 1055 2410; x_wconf 90' lang='grc' dir='ltr'>μεγάλα</span> <span class='ocrx_word' id='word_1_157' title='bbox 1088 2329 1364 2412; x_wconf 89' lang='grc' dir='ltr'>χραίνοις</span> <span class='ocrx_word' id='word_1_158' title='bbox 1395 2329 1589 2410; x_wconf 80' lang='grc' dir='ltr'>τυτθῇ</span> <span class='ocrx_word' id='word_1_159' title='bbox 1619 2325 1998 2433; x_wconf 77' lang='grc' dir='ltr'>χρυσένδετα</span> <span class='ocrx_word' id='word_1_160' title='bbox 2021 2328 2246 2411; x_wconf 81' lang='grc' dir='ltr'>τρίγλῃ.</span> 
     </span>
     <span class='ocr_line' id='line_1_26' title="bbox 684 2409 2024 2497; baseline -0.001 -23"><span class='ocrx_word' id='word_1_161' title='bbox 684 2414 722 2493; x_wconf 79' lang='grc' dir='ltr'>ἡ</span> <span class='ocrx_word' id='word_1_162' title='bbox 768 2413 837 2474; x_wconf 86' lang='grc' dir='ltr'>δὲ</span> <span class='ocrx_word' id='word_1_163' title='bbox 885 2413 1226 2497; x_wconf 74' lang='grc' dir='ltr'>δίλιτρος’γ</span> <span class='ocrx_word' id='word_1_164' title='bbox 1192 2436 1364 2495; x_wconf 88' lang='grc' dir='ltr'>ομως</span> <span class='ocrx_word' id='word_1_165' title='bbox 1413 2416 1497 2480; x_wconf 82' lang='grc' dir='ltr'>ὥς</span> <span class='ocrx_word' id='word_1_166' title='bbox 1542 2413 1862 2496; x_wconf 86' lang='grc' dir='ltr'>ἐλάχιστον</span> <span class='ocrx_word' id='word_1_167' title='bbox 1911 2409 2024 2474; x_wconf 79' lang='grc' dir='ltr'><strong>ἔοι.</strong></span> 
     </span>
    </p>

    <p class='ocr_par' dir='ltr' id='par_1_18' title="bbox 438 2493 2247 2602">
     <span class='ocr_line' id='line_1_27' title="bbox 438 2493 2247 2602; baseline -0.002 -43"><span class='ocrx_word' id='word_1_168' title='bbox 438 2501 532 2573; x_wconf 84' lang='grc'>14,</span> <span class='ocrx_word' id='word_1_169' title='bbox 555 2500 656 2561; x_wconf 90' lang='grc'><strong>99.</strong></span> <span class='ocrx_word' id='word_1_170' title='bbox 692 2497 822 2561; x_wconf 65' lang='lat' dir='ltr'>“xm</span> <span class='ocrx_word' id='word_1_171' title='bbox 861 2498 980 2561; x_wconf 85' lang='grc' dir='ltr'>ἀπὸ</span> <span class='ocrx_word' id='word_1_172' title='bbox 1032 2503 1280 2560; x_wconf 82' lang='grc' dir='ltr'>στικτῶν</span> <span class='ocrx_word' id='word_1_173' title='bbox 1317 2498 1476 2580; x_wconf 73' lang='grc' dir='ltr'>ξείνη</span> <span class='ocrx_word' id='word_1_174' title='bbox 1515 2494 1859 2559; x_wconf 88' lang='grc' dir='ltr'>Βάσκαυδα</span> <span class='ocrx_word' id='word_1_175' title='bbox 1883 2493 2033 2602; x_wconf 81' lang='grc' dir='ltr'>Βρι-</span> <span class='ocrx_word' id='word_1_176' title='bbox 2013 2498 2247 2558; x_wconf 86' lang='grc' dir='ltr'><strong>άννων.</strong></span> 
     </span>
    </p>
   </div>
   <div class='ocr_carea' id='block_1_9' title="bbox 759 2580 2105 2689">
    <p class='ocr_par' dir='ltr' id='par_1_19' title="bbox 759 2580 2105 2689">
     <span class='ocr_line' id='line_1_28' title="bbox 759 2580 2105 2689; baseline -0.001 -46"><span class='ocrx_word' id='word_1_177' title='bbox 759 2584 896 2689; x_wconf 91' lang='grc' dir='ltr'>ώμη</span> <span class='ocrx_word' id='word_1_178' title='bbox 948 2583 1054 2666; x_wconf 79' lang='grc' dir='ltr'>ἑὴν</span> <span class='ocrx_word' id='word_1_179' title='bbox 1106 2582 1173 2644; x_wconf 87' lang='grc' dir='ltr'>δὲ</span> <span class='ocrx_word' id='word_1_180' title='bbox 1222 2585 1406 2646; x_wconf 89' lang='grc' dir='ltr'>καλε</span> <span class='ocrx_word' id='word_1_181' title='bbox 1346 2605 1399 2645; x_wconf 66' lang='grc' dir='ltr'>ει</span> <span class='ocrx_word' id='word_1_182' title='bbox 1443 2582 1506 2686; x_wconf 78' lang='grc' dir='ltr'>μ’</span> <span class='ocrx_word' id='word_1_183' title='bbox 1555 2581 1923 2660; x_wconf 74' lang='grc' dir='ltr'>ἐξιδιασ[σ]α</span> <span class='ocrx_word' id='word_1_184' title='bbox 1977 2580 2105 2662; x_wconf 85' lang='grc' dir='ltr'><strong>ένη.</strong></span> 
     </span>
    </p>
   </div>
   <div class='ocr_carea' id='block_1_10' title="bbox 346 2664 2249 2772">
    <p class='ocr_par' dir='ltr' id='par_1_20' title="bbox 346 2664 2249 2772">
     <span class='ocr_line' id='line_1_29' title="bbox 346 2664 2249 2772; baseline -0.001 -44"><span class='ocrx_word' id='word_1_185' title='bbox 346 2712 352 2718; x_wconf 79' lang='lat'>-</span> <span class='ocrx_word' id='word_1_186' title='bbox 439 2671 533 2742; x_wconf 88' lang='grc'>14,</span> <span class='ocrx_word' id='word_1_187' title='bbox 561 2669 757 2729; x_wconf 90' lang='grc'><strong>100.</strong></span> <span class='ocrx_word' id='word_1_188' title='bbox 731 2664 794 2728; x_wconf 90' lang='grc' dir='ltr'>ει</span> <span class='ocrx_word' id='word_1_189' title='bbox 828 2667 886 2746; x_wconf 77' lang='grc' dir='ltr'>γ’</span> <span class='ocrx_word' id='word_1_190' title='bbox 922 2667 1097 2729; x_wconf 81' lang='grc' dir='ltr'>οὐκ</span> <span class='ocrx_word' id='word_1_191' title='bbox 1063 2691 1101 2729; x_wconf 91' lang='grc' dir='ltr'>α</span> <span class='ocrx_word' id='word_1_192' title='bbox 1104 2688 1339 2772; x_wconf 62' lang='grc' dir='ltr'>γνοεεις</span> <span class='ocrx_word' id='word_1_193' title='bbox 1376 2668 1607 2749; x_wconf 83' lang='grc' dir='ltr'>πάτρην</span> <span class='ocrx_word' id='word_1_194' title='bbox 1635 2664 1868 2745; x_wconf 89' lang='grc' dir='ltr'>λογίοιο</span> <span class='ocrx_word' id='word_1_195' title='bbox 1965 2665 2249 2738; x_wconf 89' lang='grc' dir='ltr'>ατύλλου,</span> 
     </span>
    </p>
   </div>
   <div class='ocr_carea' id='block_1_11' title="bbox 361 2748 2250 3599">
    <p class='ocr_par' dir='ltr' id='par_1_21' title="bbox 687 2748 2089 2835">
     <span class='ocr_line' id='line_1_30' title="bbox 687 2748 2089 2835; baseline 0 -23"><span class='ocrx_word' id='word_1_196' title='bbox 687 2751 749 2813; x_wconf 82' lang='grc' dir='ltr'>ἐν</span> <span class='ocrx_word' id='word_1_197' title='bbox 797 2753 1090 2835; x_wconf 86' lang='grc' dir='ltr'>κεράμοις</span> <span class='ocrx_word' id='word_1_198' title='bbox 1132 2749 1299 2819; x_wconf 82' lang='grc' dir='ltr'>ἔπιες</span> <span class='ocrx_word' id='word_1_199' title='bbox 1337 2748 1639 2813; x_wconf 87' lang='grc' dir='ltr'>Ῥαιτικὸν</span> <span class='ocrx_word' id='word_1_200' title='bbox 1683 2749 1847 2813; x_wconf 80' lang='grc' dir='ltr'><strong>οἶνον</strong></span> <span class='ocrx_word' id='word_1_201' title='bbox 1896 2749 2089 2833; x_wconf 84' lang='grc' dir='ltr'><strong>ἐμοῖς.</strong></span> 
     </span>
    </p>

    <p class='ocr_par' dir='ltr' id='par_1_22' title="bbox 437 2834 2250 3003">
     <span class='ocr_line' id='line_1_31' title="bbox 437 2834 2250 2918; baseline -0.001 -22"><span class='ocrx_word' id='word_1_202' title='bbox 437 2838 531 2910; x_wconf 86' lang='grc'>14,</span> <span class='ocrx_word' id='word_1_203' title='bbox 559 2836 697 2896; x_wconf 91' lang='grc'><strong>101.</strong></span> <span class='ocrx_word' id='word_1_204' title='bbox 729 2836 782 2897; x_wconf 85' lang='grc' dir='ltr'>εἰ</span> <span class='ocrx_word' id='word_1_205' title='bbox 825 2837 927 2899; x_wconf 88' lang='grc' dir='ltr'>καὶ</span> <span class='ocrx_word' id='word_1_206' title='bbox 974 2837 1096 2918; x_wconf 85' lang='grc' dir='ltr'>ἐγὼ</span> <span class='ocrx_word' id='word_1_207' title='bbox 1139 2834 1520 2898; x_wconf 85' lang='grc' dir='ltr'>κλεινοῖσιν</span> <span class='ocrx_word' id='word_1_208' title='bbox 1497 2836 1823 2918; x_wconf 87' lang='grc' dir='ltr'>επώνυμος</span> <span class='ocrx_word' id='word_1_209' title='bbox 1859 2836 1983 2918; x_wconf 87' lang='grc' dir='ltr'>εἰμὶ</span> <span class='ocrx_word' id='word_1_210' title='bbox 2011 2834 2250 2918; x_wconf 86' lang='grc' dir='ltr'>μύκησι,</span> 
     </span>
     <span class='ocr_line' id='line_1_32' title="bbox 685 2919 2072 3026; baseline 0 -44"><span class='ocrx_word' id='word_1_211' title='bbox 685 2943 929 3003; x_wconf 90' lang='grc' dir='ltr'>πρωτο</span> <span class='ocrx_word' id='word_1_212' title='bbox 910 2920 1128 3003; x_wconf 87' lang='grc' dir='ltr'>ὀμοις,</span> <span class='ocrx_word' id='word_1_213' title='bbox 1175 2921 1223 2983; x_wconf 85' lang='grc' dir='ltr'><em>ὦ</em></span> <span class='ocrx_word' id='word_1_214' title='bbox 1272 2925 1388 2984; x_wconf 84' lang='grc' dir='ltr'>πᾶν</span> <span class='ocrx_word' id='word_1_215' title='bbox 1423 2920 1679 3003; x_wconf 79' lang='grc' dir='ltr'>αἶσχος,</span> <span class='ocrx_word' id='word_1_216' title='bbox 1725 2920 1921 3026; x_wconf 86' lang='grc' dir='ltr'>ύπηρε</span> <span class='ocrx_word' id='word_1_217' title='bbox 1891 2919 2072 2982; x_wconf 72' lang='grc' dir='ltr'>ετέω.</span> 
     </span>
    </p>

    <p class='ocr_par' dir='ltr' id='par_1_23' title="bbox 437 3003 2186 3173">
     <span class='ocr_line' id='line_1_33' title="bbox 437 3003 2186 3088; baseline 0.001 -24"><span class='ocrx_word' id='word_1_218' title='bbox 437 3006 534 3079; x_wconf 89' lang='grc'>14,</span> <span class='ocrx_word' id='word_1_219' title='bbox 562 3005 699 3067; x_wconf 87' lang='grc'><strong>103.</strong></span> <span class='ocrx_word' id='word_1_220' title='bbox 739 3003 1031 3086; x_wconf 86' lang='grc' dir='ltr'>Σητίνους</span> <span class='ocrx_word' id='word_1_221' title='bbox 1073 3005 1378 3072; x_wconf 87' lang='grc' dir='ltr'>κώθωνας</span> <span class='ocrx_word' id='word_1_222' title='bbox 1426 3005 1603 3086; x_wconf 84' lang='grc' dir='ltr'>ἐμαῖς</span> <span class='ocrx_word' id='word_1_223' title='bbox 1645 3003 1922 3088; x_wconf 84' lang='grc' dir='ltr'>χιόνεσσι</span> <span class='ocrx_word' id='word_1_224' title='bbox 1960 3004 2186 3087; x_wconf 88' lang='grc' dir='ltr'>δίηνον.</span> 
     </span>
     <span class='ocr_line' id='line_1_34' title="bbox 685 3088 2013 3193; baseline 0 -42"><span class='ocrx_word' id='word_1_225' title='bbox 685 3089 791 3158; x_wconf 79' lang='grc' dir='ltr'>τὰς</span> <span class='ocrx_word' id='word_1_226' title='bbox 837 3088 896 3152; x_wconf 76' lang='grc' dir='ltr'>δ’</span> <span class='ocrx_word' id='word_1_227' title='bbox 945 3088 1171 3157; x_wconf 82' lang='grc' dir='ltr'>ὀθόνας</span> <span class='ocrx_word' id='word_1_228' title='bbox 1214 3089 1362 3175; x_wconf 78' lang='grc' dir='ltr'><strong>οἴνῳ</strong></span> <span class='ocrx_word' id='word_1_229' title='bbox 1406 3090 1581 3171; x_wconf 82' lang='grc' dir='ltr'>τέγγε</span> <span class='ocrx_word' id='word_1_230' title='bbox 1618 3111 1769 3172; x_wconf 86' lang='grc' dir='ltr'>χερε</span> <span class='ocrx_word' id='word_1_231' title='bbox 1775 3089 2013 3193; x_wconf 83' lang='grc' dir='ltr'>ιοτέρῳ.</span> 
     </span>
    </p>

    <p class='ocr_par' dir='ltr' id='par_1_24' title="bbox 438 3171 2250 3343">
     <span class='ocr_line' id='line_1_35' title="bbox 438 3171 2250 3282; baseline -0.002 -47"><span class='ocrx_word' id='word_1_232' title='bbox 438 3175 533 3247; x_wconf 91' lang='grc'>14,</span> <span class='ocrx_word' id='word_1_233' title='bbox 563 3175 701 3243; x_wconf 89' lang='grc'><strong>118.</strong></span> <span class='ocrx_word' id='word_1_234' title='bbox 732 3171 1142 3282; x_wconf 85' lang='grc' dir='ltr'>Μασσαλίης</span> <span class='ocrx_word' id='word_1_235' title='bbox 1114 3197 1385 3243; x_wconf 87' lang='grc' dir='ltr'>καπνους</span> <span class='ocrx_word' id='word_1_236' title='bbox 1412 3175 1680 3280; x_wconf 88' lang='grc' dir='ltr'>χιονώδε</span> <span class='ocrx_word' id='word_1_237' title='bbox 1687 3196 1775 3235; x_wconf 86' lang='grc' dir='ltr'>σιν</span> <span class='ocrx_word' id='word_1_238' title='bbox 1811 3173 1991 3236; x_wconf 80' lang='grc' dir='ltr'>ὕδασι</span> <span class='ocrx_word' id='word_1_239' title='bbox 2026 3175 2250 3256; x_wconf 80' lang='grc' dir='ltr'>μίσγειν</span> 
     </span>
     <span class='ocr_line' id='line_1_36' title="bbox 691 3256 2045 3361; baseline 0 -40"><span class='ocrx_word' id='word_1_240' title='bbox 691 3259 924 3343; x_wconf 85' lang='grc' dir='ltr'>φείδεο,</span> <span class='ocrx_word' id='word_1_241' title='bbox 972 3257 1142 3320; x_wconf 83' lang='grc' dir='ltr'>σοὶ</span> <span class='ocrx_word' id='word_1_242' title='bbox 1114 3282 1209 3321; x_wconf 88' lang='grc' dir='ltr'>ινα</span> <span class='ocrx_word' id='word_1_243' title='bbox 1256 3260 1349 3341; x_wconf 88' lang='grc' dir='ltr'>μὴ</span> <span class='ocrx_word' id='word_1_244' title='bbox 1385 3259 1669 3326; x_wconf 87' lang='grc' dir='ltr'>πλείονος</span> <span class='ocrx_word' id='word_1_245' title='bbox 1718 3256 1812 3342; x_wconf 78' lang='grc' dir='ltr'>εἴη</span> <span class='ocrx_word' id='word_1_246' title='bbox 1857 3259 2045 3361; x_wconf 79' lang='grc' dir='ltr'><strong>ὕδωρ.</strong></span> 
     </span>
    </p>

    <p class='ocr_par' dir='ltr' id='par_1_25' title="bbox 440 3342 2249 3512">
     <span class='ocr_line' id='line_1_37' title="bbox 440 3342 2249 3450; baseline -0.001 -46"><span class='ocrx_word' id='word_1_247' title='bbox 440 3345 535 3416; x_wconf 92' lang='grc'>14,</span> <span class='ocrx_word' id='word_1_248' title='bbox 563 3344 702 3404; x_wconf 87' lang='grc'>104.</span> <span class='ocrx_word' id='word_1_249' title='bbox 747 3344 848 3406; x_wconf 83' lang='grc' dir='ltr'>καὶ</span> <span class='ocrx_word' id='word_1_250' title='bbox 870 3342 1103 3450; x_wconf 86' lang='grc' dir='ltr'>χιόνας</span> <span class='ocrx_word' id='word_1_251' title='bbox 1139 3347 1342 3406; x_wconf 76' lang='grc' dir='ltr'>λινοῦν</span> <span class='ocrx_word' id='word_1_252' title='bbox 1391 3343 1701 3406; x_wconf 87' lang='grc' dir='ltr'>λεπτύνειν</span> <span class='ocrx_word' id='word_1_253' title='bbox 1741 3342 1963 3406; x_wconf 72' lang='grc' dir='ltr'>οἷδεν”’</span> <span class='ocrx_word' id='word_1_254' title='bbox 1929 3365 2086 3449; x_wconf 56' lang='lat' dir='ltr'>napos·</span> <span class='ocrx_word' id='word_1_255' title='bbox 2119 3343 2249 3424; x_wconf 81' lang='grc' dir='ltr'>μεῦ.</span> 
     </span>
     <span class='ocr_line' id='line_1_38' title="bbox 689 3425 2141 3532; baseline 0 -43"><span class='ocrx_word' id='word_1_256' title='bbox 689 3426 1068 3532; x_wconf 82' lang='grc' dir='ltr'>ψυχρότερον</span> <span class='ocrx_word' id='word_1_257' title='bbox 1122 3429 1177 3490; x_wconf 78' lang='grc' dir='ltr'>δ’</span> <span class='ocrx_word' id='word_1_258' title='bbox 1232 3427 1397 3512; x_wconf 79' lang='grc' dir='ltr'>ὕδωρ</span> <span class='ocrx_word' id='word_1_259' title='bbox 1453 3426 1525 3489; x_wconf 82' lang='grc' dir='ltr'>οὐ</span> <span class='ocrx_word' id='word_1_260' title='bbox 1571 3429 1708 3495; x_wconf 87' lang='grc' dir='ltr'>τεὸς</span> <span class='ocrx_word' id='word_1_261' title='bbox 1748 3427 1950 3511; x_wconf 85' lang='grc' dir='ltr'>ἠθμὸς</span> <span class='ocrx_word' id='word_1_262' title='bbox 1991 3425 2141 3532; x_wconf 84' lang='grc' dir='ltr'>ἔχει.</span> 
     </span>
    </p>

    <p class='ocr_par' dir='ltr' id='par_1_26' title="bbox 361 3510 2248 3599">
     <span class='ocr_line' id='line_1_39' title="bbox 361 3510 2248 3599; baseline 0.001 -26"><span class='ocrx_word' id='word_1_263' title='bbox 361 3556 368 3563; x_wconf 48' lang='grc'>,</span> <span class='ocrx_word' id='word_1_264' title='bbox 440 3513 535 3587; x_wconf 90' lang='grc'>14,</span> <span class='ocrx_word' id='word_1_265' title='bbox 563 3514 702 3577; x_wconf 90' lang='grc'><strong>117.</strong></span> <span class='ocrx_word' id='word_1_266' title='bbox 752 3511 823 3574; x_wconf 80' lang='grc' dir='ltr'>οὐ</span> <span class='ocrx_word' id='word_1_267' title='bbox 856 3511 1070 3595; x_wconf 83' lang='grc' dir='ltr'>χιόνας</span> <span class='ocrx_word' id='word_1_268' title='bbox 1089 3513 1277 3575; x_wconf 89' lang='grc' dir='ltr'>πίνειν</span> <span class='ocrx_word' id='word_1_269' title='bbox 1309 3514 1385 3595; x_wconf 85' lang='grc' dir='ltr'>μὲ</span> <span class='ocrx_word' id='word_1_270' title='bbox 1355 3536 1440 3588; x_wconf 96' lang='grc' dir='ltr'>ν,</span> <span class='ocrx_word' id='word_1_271' title='bbox 1467 3511 1618 3595; x_wconf 84' lang='grc' dir='ltr'>ἀτὰρ</span> <span class='ocrx_word' id='word_1_272' title='bbox 1643 3513 2067 3599; x_wconf 79' lang='grc' dir='ltr'>ψυχροσταγὲς</span> <span class='ocrx_word' id='word_1_273' title='bbox 2089 3510 2248 3591; x_wconf 77' lang='grc' dir='ltr'>ὕδωρ</span> 
     </span>
    </p>
   </div>
   <div class='ocr_carea' id='block_1_12' title="bbox 2435 2859 2443 4159">
    <p class='ocr_par' dir='ltr' id='par_1_27' title="bbox 2435 2859 2443 4159">
     <span class='ocr_line' id='line_1_40' title="bbox 2435 2859 2443 4159; baseline 0 0"><span class='ocrx_word' id='word_1_274' title='bbox 2435 2859 2443 4159; x_wconf 95' lang='lat' dir='ltr'> </span> 
     </span>
    </p>
   </div>
  </div>
 </body>
</html>
