2452 4186
1069 287 1188 345 113

224 448 597 510 Securitatis.
643 450 765 508 Hic
808 463 1046 512 veretur
1084 457 1372 532 perdere„

223 535 316 593 Tu
352 535 448 595 vis
490 537 737 593 habere.
780 534 1000 614 Cogita
1044 549 1272 615 quanto
1321 542 1516 599 minor

220 619 532 679 Habuisse
577 625 885 697 nunquam
929 625 1007 682 sit
1046 624 1243 697 dolor,
1291 645 1467 700 quam
1513 628 1786 703 perdere.

221 790 276 847 8.
367 793 612 848 Avarus
663 798 841 864 atque
880 793 1196 870 prodigus,
1237 798 1531 872 pecuniae

220 871 375 933 Sunt
416 876 598 933 ambo
645 876 838 951 egeni.
880 875 1183 955 Prodigus
1224 883 1542 957 pecuniam

219 960 365 1016 Mox
409 979 529 1016 non
569 960 833 1032 habebit.
865 970 976 1018 ‚ast
1016 981 1235 1023 avarus
1281 983 1584 1041 nunquam
1628 967 1828 1024 habet.

217 1127 271 1185 9.
362 1126 768 1203 Quaecunque
808 1130 871 1187 in
915 1149 1057 1188 arca
1098 1133 1305 1190 condit
1345 1146 1631 1213 aggestas
1679 1153 1830 1211 opes

213 1214 479 1284 AvarUS,
523 1213 660 1270 aliis
696 1215 966 1285 abstulit,
1014 1224 1195 1293 negat
1243 1220 1378 1277 sibi.

213 1297 548 1355 Fraudavit
591 1298 771 1371 ahoe,
828 1318 1011 1373 seque
1061 1302 1304 1360 fraudat
1345 1304 1640 1363 ultimum.
1722 1343 1725 1346 π

221 1467 315 1525 10.
414 1467 620 1544 Opum
662 1468 1007 1526 redundans
1049 1470 1238 1544 rivus,
1289 1480 1349 1529 et
1395 1473 1770 1548 superfluens

212 1552 470 1610 Licente
507 1553 678 1624 luxu,
726 1554 998 1612 moribus
1048 1555 1206 1632 frugi
1251 1564 1441 1614 nocet.

212 1637 407 1695 Duris
456 1646 699 1714 egestas
744 1639 901 1715 cogit
941 1639 1008 1696 in
1053 1641 1236 1699 rebus
1279 1643 1470 1700 bonos

212 1722 472 1780 Patrare
513 1722 715 1780 famae
758 1743 883 1781 non
926 1724 1147 1782 decora
1188 1726 1501 1801 pristinae.

212 1807 350 1865 Viri
394 1808 560 1865 beati
600 1808 725 1866 vita
765 1808 1063 1885 castigata
1104 1810 1186 1868 sit

211 1893 296 1952 Ut
341 1913 471 1950 non
509 1912 722 1970 egena,
771 1894 859 1952 sic
901 1912 1130 1971 egenae
1168 1896 1470 1970 proxima.

219 2062 317 2121 11.
409 2061 611 2122 Stulta
654 2071 747 2122 est
790 2062 1029 2138 cupido,
1074 2082 1228 2139 quae
1268 2064 1397 2124 dies
1445 2064 1665 2142 longos
1713 2065 1859 2137 sitit,

211 2149 292 2206 Et
331 2148 664 2225 plurimum
712 2150 847 2206 aevi
883 2148 1179 2224 plurimas
1229 2150 1386 2208 vitas
1429 2158 1619 2226 putat.

211 2233 364 2292 Non
409 2252 594 2309 saepe
636 2233 860 2306 vivere,
897 2241 960 2290 at
998 2235 1154 2292 mori
1199 2234 1407 2291 datum
1449 2242 1545 2292 est
1581 2234 1792 2294 semel.

215 2316 478 2377 Centum
519 2328 798 2377 senectae
843 2318 1012 2376 mille
1053 2319 1235 2376 seclis
1281 2337 1526 2396 aggere,

214 2404 295 2461 Et
333 2403 504 2475 mille
549 2403 684 2460 vive
720 2401 1059 2461 Nestoras:
1104 2404 1411 2461 dementia
1461 2410 1555 2461 e'st

215 2488 447 2546 Putare
487 2488 708 2545 multas
755 2487 1144 2563 possevitas
1184 2489 1410 2560 vivere,
1952 2548 1959 2551 ⁷

215 2577 344 2632 Aut
389 2575 593 2630 vivere
631 2572 838 2645 ullam,
879 2580 1118 2648 praeter
1163 2573 1318 2629 hane
1363 2591 1541 2647 quam
1582 2571 1923 2647 perdimus:

219 2660 345 2716 Aut
387 2658 643 2734 perdere
677 2657 886 2730 ullam,
930 2665 1170 2733 praeter
1206 2658 1363 2714 hanc
1410 2675 1587 2731 quam
1630 2656 1904 2715 vivimus.
2012 2660 2015 2669 ’

226 2827 326 2884 12.
405 2826 689 2885 Formido
732 2827 944 2884 mortis
987 2836 1182 2884 morte
1221 2826 1417 2902 peior.
1468 2846 1591 2884 non
1634 2834 1805 2902 potes

220 2912 437 2968 Vitare
483 2920 754 2982 mortem,
801 2911 910 2970 sed
945 2919 1118 2987 potes
1165 2918 1564 2968 contemnere.

858 2998 1023 3053 Idem
1069 2997 1415 3055 Trochaicis.

220 3078 506 3137 Pallidae
548 3080 807 3139 formido
848 3081 1061 3139 mortis
1097 3081 1237 3157 ipsa
1275 3089 1470 3139 morte
1512 3080 1688 3156 peior
1725 3086 1837 3136 est.

222 3163 375 3223 Non
415 3173 595 3241 potes
635 3165 827 3222 vitare
865 3174 1143 3237 mortem,
1203 3166 1313 3222 sed
1359 3174 1535 3240 potes
1581 3171 1984 3221 contemnere.

748 3335 843 3392 13.
936 3335 1189 3392 Hem-ico
1235 3332 1549 3391 RanzoviO.

227 3414 427 3474 Nulla
467 3418 837 3495 ergo·flendi
879 3428 1040 3478 meta
1080 3428 1203 3474 tam
1246 3435 1449 3475 earum
1490 3415 1709 3494 caput?

227 3500 368 3581 Nec
408 3504 533 3560 ulla
571 3504 709 3562 finis
752 3504 1156 3575 lacrimarum,
1198 3520 1317 3575 nec⁸
1344 3502 1584 3580 pudor?

1609 3612 1649 3668 8
