2452 4186
1237 301 1360 361 296

384 474 479 531 Ea
515 471 953 548 circumstrepit
997 470 1304 529 hominum
1351 473 1543 530 turba.

251 563 349 616 165
383 557 519 617 Nec
560 576 675 616 nos
714 566 924 615 contra
967 556 1242 615 conferre
1282 557 1499 633 pedem
1555 596 1556 601 κ

385 644 741 714 Possumus,
785 644 1037 700 absente
1082 641 1262 700 modo
1305 649 1384 700 te.

381 729 469 788 Ut
514 735 904 804 conspectum
944 726 1152 802 fugere
1196 734 1385 799 tuum,

385 811 734 888 strepitant,
776 810 972 886 qualis
1019 811 1305 869 defuncta
1347 818 1509 868 metu

383 897 677 968 Vulturis,
723 895 920 954 avium
965 897 1140 954 turba
1179 897 1510 955 volantum.

388 981 568 1057 Quod
618 981 673 1040 si
716 981 932 1040 subitis
972 981 1126 1039 citus
1169 983 1424 1053 existas,

252 1076 353 1130 170
386 1067 538 1124 Muti
581 1066 817 1143 fugiant
861 1066 1249 1143 trepidanter.

1084 1152 1346 1229 Stropha
1388 1151 1508 1208 XI.

388 1239 568 1295 Anne
613 1235 817 1294 Diana
858 1244 1023 1294 tuum
1063 1239 1308 1296 soboles
1348 1235 1519 1294 Iovis

386 1321 512 1397 (Ah
553 1321 685 1379 fera
728 1322 907 1393 fama,
955 1322 1108 1393 fera,

385 1408 579 1464 Mater
621 1406 700 1463 ah
742 1405 952 1482 probri
991 1406 1139 1482 mei)

383 1492 459 1549 In
499 1490 713 1568 volgus
753 1498 1157 1550 armentorum
1199 1492 1459 1548 animum
1501 1488 1762 1578 furiaxrit,

384 1578 509 1634 Aut
547 1577 695 1634 orba
735 1576 931 1633 fructu
968 1577 1171 1657 debito
1215 1576 1526 1646 victoriae,

383 1662 508 1718 Aut
553 1660 886 1737 spoliorum
935 1662 1132 1737 aliquo

384 1746 696 1804 Frustrata
735 1746 993 1818 honore,
1040 1753 1143 1803 aut
1187 1743 1421 1802 hinulei
1462 1741 1736 1800 exuviis?

384 1829 722 1889 Bellonane
757 1849 834 1888 an
873 1833 1038 1889 Mars
1086 1829 1448 1906 supplicium
1491 1827 1702 1885 rabido

384 1914 662 1974 Poscens
705 1915 904 1972 calen-

388 2006 475 2056 -te
523 2000 1179 2076 sanguine,noctivagis
1223 1998 1480 2057 vindicis

385 2084 709 2143 Furoribus
754 2084 898 2142 irae.

1006 2170 1393 2243 Antistropha
1417 2169 1560 2226 XI.

386 2251 534 2312 Non
570 2260 631 2311 te
675 2254 827 2311 adeo
870 2272 1062 2329 usque
1110 2254 1358 2313 sinister
1392 2253 1517 2330 agit
1554 2252 1736 2323 furor,

387 2339 443 2398 O
490 2337 944 2412 Telamoniade,

388 2423 460 2480 In
503 2442 719 2502 greges
761 2432 828 2482 ut
871 2433 935 2481 tu
975 2426 1192 2482 irruas·

390 2508 580 2566 Haec·
601 2509 876 2567 caelitum
920 2511 1014 2568 vis
1060 2517 1155 2568 est
1190 2527 1380 2584 mage.
1427 2507 1704 2583 Iuppiter
1727 2523 1902 2562 aver-

389 2602 663 2651 -runeate
702 2594 889 2671 volgi,
938 2602 996 2651 et
1038 2594 1305 2665 Phoebe,
1352 2610 1618 2651 rumores
1661 2590 1875 2648 malos.

388 2676 498 2738 Sin
537 2697 648 2737 sua
691 2680 1026 2756 composito

385 2760 742 2821 Commenta
777 2765 1011 2841 fingunt
1052 2771 1179 2820 arte
1223 2763 1384 2819 mala
1425 2780 1735 2837 proceres,

383 2849 508 2905 Aut
546 2866 683 2906 aere
723 2850 881 2906 cauti
928 2847 1290 2924 Sisyphidae
1335 2864 1561 2925 genus:

385 2930 507 3005 Ne,
552 2933 604 2991 si
652 2934 840 3010 sapiS,

382 3017 480 3075 Ad
526 3018 696 3091 haec,
739 3038 913 3097 rog0,
959 3026 1156 3077 eastra
1199 3036 1449 3076 manens
1490 3016 1721 3089 deside,

381 3102 613 3162 Probro
659 3103 768 3162 tibi
811 3123 888 3161 ne
936 3103 1033 3162 sit.

1070 3190 1320 3265 Epodus
1365 3188 1509 3246 VII.

383 3270 618 3347 Linque
661 3273 905 3332 sedilia:
949 3292 1158 3350 surge:
1204 3275 1310 3332 ubi
1353 3273 1491 3349 plus
1542 3278 1639 3332 sat
1677 3270 1863 3348 longo

385 3356 579 3414 Lente
614 3359 912 3416 exereitus
951 3358 1293 3417 immoraris
1343 3359 1492 3432 otio,

386 3440 536 3499 Dira
570 3441 847 3500 incendia
889 3443 1212 3502 ventilans.

385 3527 635 3602 Impune
674 3534 955 3603 proterva
997 3529 1090 3587 vis
1135 3529 1377 3606 linguae
