2452 4186
1026 318 1150 379 269

751 480 943 544 Αὐτοὶ
992 484 1099 565 τὴν
1146 484 1411 567 ἁπαλὴν.
1803 492 1843 558 ,ζ
1863 492 2004 571 (22)

182 571 305 649 Ipsi
342 570 628 629 viderunt
663 570 851 628 Irenii
895 589 1113 648 corpus
1155 574 1442 646 AmoreS,
1629 610 1634 620 ι

255 657 334 715 Et
369 655 639 733 Cypriae
677 656 982 715 thalamos
1026 657 1352 716 destituere
1392 659 1583 716 Deae.

176 741 573 799 Emendatum
616 759 766 816 opus
812 741 889 798 ad
928 741 1091 801 talos
1132 762 1170 799 a
1211 743 1458 815 vertice,
1508 744 1688 821 signi,

257 827 333 884 Et
377 826 713 902 castigatae
754 826 1004 903 virginis
1045 828 1241 885 instar
1286 829 1540 887 habens.

184 912 333 970 Hinc
376 912 443 971 in
484 910 794 981 mortales,
842 930 1029 969 nervo
1075 913 1389 984 stridente,
1437 913 1663 990 sagitta

260 994 401 1055 Non
445 1014 571 1053 una
611 1015 686 1053 ex
728 995 837 1054 illo
883 1005 1149 1072 tempore
1197 997 1391 1057 missa
1430 998 1564 1056 fuit.

706 1159 1029 1244 Ζηνοφίλα
1071 1163 1298 1229 κάλλος
1347 1162 1476 1243 μὲν.
1811 1167 2002 1245 ζ(23)

193 1248 549 1308 Concubitus
596 1249 803 1309 Venus
847 1249 1194 1323 illecebras,
1237 1254 1427 1308 Amor
1464 1250 1602 1326 ipse
1641 1251 1922 1310 decorem

265 1334 662 1412 Zenophilae,
714 1333 1024 1393 Charitum
1071 1335 1164 1393 sal
1208 1333 1424 1403 Charis
1474 1335 1612 1411 ipsa
1650 1336 1831 1394 dedit.

424 1576 430 1583 ,
652 1498 773 1563 Ναὶ
819 1501 904 1582 μὰ
948 1501 1049 1562 τὸν
1096 1498 1512 1583 εὐπλόκαμον.
1811 1504 2002 1582 ζ(24)

188 1587 296 1646 Per
336 1589 552 1647 Timus
593 1597 805 1662 tortos,
848 1589 951 1664 qui
991 1608 1087 1645 me
1130 1607 1367 1664 cepere,
1413 1588 1707 1666 capillos:

259 1674 378 1732 Per
421 1674 679 1746 Demus,
729 1693 974 1733 somnos
1021 1692 1177 1750 quae
1221 1672 1368 1730 mihi
1408 1675 1678 1732 membra
1718 1673 1955 1751 fugant:

149 1761 152 1765 ’
189 1758 398 1818 Iliados
447 1779 555 1835 per
593 1779 705 1836 ego
752 1759 1098 1830 illecebras,
1144 1758 1510 1836 vigilemque
1546 1759 1855 1816 lucernam

261 1844 458 1916 Hanc,
496 1863 635 1902 mea
673 1864 827 1921 quae
871 1844 1097 1901 madidi
1144 1844 1413 1902 carmina
1452 1843 1642 1901 multa
1683 1844 1861 1902 bibit:

188 1928 374 1988 Parva
415 1929 565 1986 mihi
604 1930 666 1987 in
702 1930 893 1988 labris
938 1937 1085 1987 nota
1121 1929 1414 2001 vulneriS,
1446 1948 1607 2002 ecce,
1647 1928 1860 1986 relicta
1888 1937 1999 1989 est.

265 2015 436 2090 Quod
479 2014 533 2073 si
580 2016 694 2086 vis,
741 2015 923 2073 modo
971 2015 1086 2087 dic,
1136 2033 1402 2090 expuam
1445 2023 1505 2073 et
1539 2015 1710 2086 illud,
1751 2017 1955 2075 Amor.

665 2178 772 2265 Τῷ
812 2182 1035 2264 θαλλῷ
1079 2181 1318 2264 Διδύμη
1379 2204 1475 2263 με.
1809 2185 2001 2263 ζ(26)

191 2273 277 2330 Me
320 2271 524 2348 rapuit
564 2270 756 2327 forma
791 2270 1075 2345 Didyme.
1123 2270 1220 2327 Ah
1268 2290 1383 2346 ego
1425 2271 1603 2328 tabeo
1650 2289 1904 2329 cernens

263 2357 414 2415 Tale
466 2356 669 2428 decus,
716 2355 913 2431 qualis
953 2372 1092 2411 cera
1134 2356 1245 2411 sub
1292 2355 1432 2430 igne
1476 2354 1651 2412 cadit.

188 2445 260 2501 At
299 2443 472 2519 nigra
497 2448 610 2498 est.
650 2441 792 2515 quid
815 2439 981 2496 tum?
1019 2440 1200 2496 carbo
1226 2458 1484 2513 quoque.
1512 2437 1580 2515 Si
1604 2447 1807 2496 tamen
1831 2438 2002 2496 illum

261 2527 408 2604 Igne
448 2526 649 2597 foveS,
696 2525 904 2602 fulget,
952 2523 1060 2581 lux
1104 2531 1169 2580 ut
1212 2523 1415 2580 hiulca
1457 2542 1652 2582 rosae.
2011 2533 2020 2540 “

831 2687 1096 2771 Λίσσομ’
1133 2685 1353 2770 ’Έρως.
1811 2687 2002 2772 ζ(27)

186 2780 271 2837 Te
311 2800 420 2856 per
465 2798 578 2855 ego
626 2785 874 2835 nostrae
907 2778 1166 2854 supplex
1202 2796 1354 2854 rogo
1397 2776 1666 2834 carmina
1700 2778 1936 2850 Musae,

263 2864 623 2940 Heliodora,
670 2881 808 2920 meo
851 2871 1094 2938 pectore
1134 2863 1310 2920 cedat
1349 2867 1553 2921 Amor.

184 2948 414 3027 Perque
455 2957 588 3006 tuos
640 2966 840 3018 arcuS,
887 2948 990 3023 qui
1032 2949 1153 3005 iam
1198 2949 1428 3024 petiere
1473 2966 1583 3005 nec
1625 2945 1836 3019 ullum,

263 3035 525 3093 Tantum
569 3035 632 3090 in
676 3052 771 3089 me
815 3032 1046 3091 dociles
1090 3034 1327 3091 mittere
1369 3034 1491 3090 tela
1537 3051 1665 3091 sua.

188 3118 248 3179 Si
292 3141 527 3197 pereo,
554 3136 765 3176 vocem
813 3119 1100 3176 testantia
1142 3120 1412 3176 carmina
1451 3118 1748 3192 linquam:

264 3206 532 3284 Aspicis,
579 3212 645 3261 ut
688 3203 866 3261 morti
912 3222 1007 3259 me
1056 3204 1241 3276 dedit,
1280 3204 1533 3279 hospes,
1573 3207 1775 3258 Amor.

989 3289 1195 3345 Aliter.

189 3372 249 3434 Si
294 3376 553 3452 supplex
598 3382 656 3431 te
701 3374 878 3431 Musa
917 3382 1121 3432 movet
1162 3392 1322 3443 mea,
1364 3391 1506 3429 cura
1543 3371 1834 3444 facessat,

266 3460 463 3535 Quam
507 3459 755 3537 vigilem
792 3458 854 3515 in
902 3459 1081 3517 nobis
1129 3457 1474 3516 Heliodora
1519 3456 1687 3529 serit,

189 3544 337 3603 Acer
378 3565 563 3604 amor.
609 3543 732 3603 Per
775 3552 857 3616 te,
905 3563 1014 3620 per
1058 3563 1171 3622 ego
1214 3552 1319 3600 tua
1356 3543 1625 3602 maxima
1665 3541 1810 3613 tela,
