2452 4186
1198 287 1323 348 366

366 455 702 516 Commune
746 456 946 532 magni
994 465 1180 513 matre
1225 476 1360 514 cum
1404 456 1798 532 SarpedoniS,

215 542 346 598 1285
366 539 533 614 Quas
578 539 800 615 pontus
846 540 1085 612 Helles,
1133 560 1280 615 quas
1327 551 1527 617 petrae
1578 539 2041 619 Symplegades,

366 627 533 701 Quas
582 624 1019 701 Salmydissus,
1076 646 1229 701 quas
1272 627 1619 703 inhospitus
1658 628 1848 702 liquor
1913 643 1916 650 ³

364 709 607 787 Scythis
654 712 1031 787 propinquus
1076 711 1311 787 rupium
1363 722 1524 768 arcet
1570 713 1764 783 obice,

366 796 715 869 Tanaisque
759 796 926 853 nullo
971 797 1271 873 gurgitum
1316 797 1591 873 contagio

365 881 629 938 Mediam
670 881 947 957 paludem
992 881 1331 952 dissecans,
1380 891 1606 958 gratam
1647 881 1866 940 incolis

216 972 350 1026 1290
367 966 587 1043 Algum
637 973 696 1022 et
732 966 1018 1040 pedarum
1067 967 1394 1039 perniones
1441 966 1744 1038 flentibu8‚

366 1052 448 1110 Ut
490 1050 682 1125 primo
728 1058 979 1127 pereant
1022 1048 1226 1108 Carnii
1273 1059 1494 1108 nautae
1534 1047 1739 1123 caneS,

367 1134 484 1207 Qui
534 1135 733 1194 fronte
779 1138 930 1193 roba
972 1135 1387 1194 tauriformem
1433 1136 1723 1214 virginem

365 1220 643 1295 Rapuere
686 1220 919 1278 Lernes
961 1220 1276 1279 institores
1314 1222 1593 1295 improbi,

370 1305 670 1380 Sponsam
715 1305 922 1363 ruinas
968 1305 1124 1362 ferre
1172 1306 1488 1382 Memphiti
1521 1306 1687 1378 duci,

218 1399 351 1453 1295
372 1390 515 1450 Odii
559 1398 870 1448 moventes
917 1390 1090 1467 signa
1133 1390 1371 1466 utrique
1416 1389 1617 1449 littori.

367 1474 648 1550 Namque
696 1483 757 1532 et
795 1475 1047 1551 rapinae
1092 1475 1515 1533 contumeliam
1560 1495 1802 1553 gravem

369 1558 668 1624 Florentis
718 1560 865 1617 Idae
912 1560 1374 1636 expostulantes
1420 1561 1659 1619 incolae

371 1644 646 1718 Curetes,
697 1646 968 1703 extulere
1013 1645 1306 1722 captivam
1353 1647 1560 1702 bovem
1745 1637 1748 1640 '

369 1731 634 1789 Paronis
678 1730 840 1787 intra
883 1730 1258 1789 taurifrontis
1303 1730 1539 1787 alveum

222 1823 355 1880 1300
374 1816 469 1875 Ad
513 1824 726 1874 sancta
769 1816 995 1893 templa
1037 1816 1352 1893 coniugem
1393 1813 1731 1892 Saraptiam

370 1900 627 1958 Dictaea
672 1899 884 1959 Cretes
930 1899 1208 1960 Stellioni
1249 1900 1562 1977 principi?

374 1984 509 2043 Nec
557 1985 672 2043 visi
714 1986 938 2042 habere
982 1994 1099 2056 sat,
1137 1986 1402 2042 ferentes
1444 2005 1554 2061 par
1595 1986 1744 2060 pari,

371 2069 641 2128 Ductore
689 2068 926 2128 Teucro
974 2070 1082 2129 sed
1121 2088 1402 2145 rapacem
1443 2071 1770 2131 exercitum

371 2155 592 2213 Teucri
630 2153 1001 2214 Scamandro
1052 2174 1185 2212 cum
1230 2164 1481 2230 parente
1525 2157 1786 2215 Draucio

220 2247 351 2302 1305
370 2240 594 2299 Misere
639 2241 717 2297 ad
763 2240 925 2298 alma
967 2241 1305 2316 Bebrycum
1351 2241 1618 2313 novalia,

366 2326 607 2385 Bellum
653 2326 920 2385 ferentes
968 2326 1272 2384 muribus:
1323 2345 1571 2402 quorum
1615 2334 1751 2384 satu

372 2411 630 2470 Generis
673 2412 915 2483 creasti,
956 2410 1265 2483 Dardane,
1314 2420 1550 2469 autores
1593 2412 1734 2483 mei,

370 2496 619 2554 Ducens
670 2496 938 2572 puellam
986 2495 1296 2568 Cressam,
1344 2497 1624 2555 Arisbam
1673 2496 1961 2555 nobilem.

372 2580 653 2642 Secundo
700 2581 842 2639 item
886 2581 1106 2639 misere
1149 2581 1387 2639 furaces
1432 2580 1632 2655 luPOS,

222 2672 354 2725 1310
371 2667 456 2727 Ut
494 2665 796 2743 uniplotio
840 2666 1032 2724 vellus
1083 2674 1358 2724 avertant
1400 2666 1555 2737 duci,

373 2750 667 2811 Servabat
708 2751 831 2808 acri
869 2753 1032 2826 quod
1078 2752 1261 2810 draco
1307 2749 1614 2811 custodia:

372 2835 490 2908 Qui
532 2856 666 2894 cum
706 2835 957 2912 Cyteam
999 2837 1234 2895 venerit
1273 2836 1669 2912 Libysticam,

368 2922 449 2980 Et
490 2920 911 2996 quadrinarem
957 2922 1204 2997 sopiens
1246 2922 1368 2979 offa
1406 2922 1603 2992 boam,

371 3007 752 3065 Vomentium
796 3007 969 3085 ignes
1014 3007 1304 3082 presserit
1344 3007 1605 3063 dentalia

222 3101 354 3154 1315
374 3094 537 3152 Urva
576 3092 881 3163 italorum,
923 3091 1117 3150 elixus
1154 3091 1372 3151 immiti
1413 3111 1581 3168 rogO,

369 3176 518 3236 Non
562 3177 811 3235 abstulit
846 3178 1105 3234 libenter
1146 3176 1337 3253 arvigi
1376 3185 1590 3248 cutem,

374 3261 498 3322 Sed
544 3271 603 3319 et
638 3262 941 3319 bidentem
985 3269 1197 3338 sponte
1242 3270 1570 3320 sectantem
1610 3262 1916 3333 auferens,

374 3346 882 3420 Germanicidam,
923 3348 1265 3423 pcstitatem
1316 3347 1595 3419 liberam,

371 3433 557 3490 Picae
599 3432 678 3489 ad
718 3432 994 3507 loquacis
1040 3433 1276 3490 alveum
1324 3432 1605 3509 aurigans
1647 3431 1802 3502 tulit,

222 3528 357 3582 1320
375 3518 719 3576 Humanum
762 3518 835 3573 ab
885 3516 1025 3575 altis
1069 3516 1442 3577 Chaoniticis
1489 3535 1705 3575 sonum
