2452 4186
1123 325 1245 385 261

816 487 1206 571 Νεκροὸὀκον
1245 493 1553 571 κλιντῆρα.
1965 516 2001 577 γ
2028 498 2106 558 19

272 579 435 639 Dum
459 579 639 637 Philo
685 578 1065 654 sandapilam
1104 579 1278 638 senio
1321 579 1524 656 gravis
1564 579 1818 640 aedibus
1865 582 2060 656 effert,

355 666 600 742 Exigua
632 664 843 723 solitas
888 672 954 721 ut
1002 663 1158 739 stipe
1198 672 1450 738 quaerat
1495 682 1676 740 opes;

272 749 505 809 Iniusto
552 750 664 809 sub
716 749 891 807 fasce
923 749 1062 806 ruit.
1105 749 1382 825 proclive
1426 749 1689 808 caducae

359 836 734 893 Momentum
780 834 954 891 morti
997 852 1151 891 cana
1192 842 1444 892 senecta
1491 835 1694 893 dabat.

272 919 376 981 Sic
413 938 592 994 quem
638 937 825 995 saepe
878 936 1070 977 senex
1117 919 1256 978 aliis
1304 926 1540 994 portare
1586 921 1846 992 solebat,

355 1005 717 1082 Imprudens
759 1004 1041 1079 capulum
1081 1004 1329 1063 sustulit
1372 1005 1508 1080 ipse
1559 1005 1696 1063 sibi.

831 1165 1132 1250 Μορτάδα
1174 1168 1284 1249 τὴν
1331 1169 1542 1251 ἱεραῖς.
1857 1194 1862 1199 ·
1961 1173 2102 1253 γ20
2151 1223 2172 1241 ,

267 1257 498 1316 Mortas
543 1274 720 1329 anus,
768 1274 923 1331 quae
964 1263 1056 1313 tot
1096 1256 1262 1328 duxi,
1305 1257 1447 1314 dum
1487 1258 1612 1315 vita
1653 1260 1959 1331 manebat,

355 1342 453 1400 Ad
490 1360 702 1400 sacros
746 1341 971 1399 Bacchi
1011 1340 1239 1417 pocula
1273 1342 1459 1418 plena
1502 1343 1697 1415 lacus,

264 1426 529 1485 Pulvere
573 1447 698 1485 non
740 1427 1002 1496 condor;
1050 1426 1263 1483 tumuli
1307 1427 1439 1484 vice
1483 1446 1668 1486 suave
1715 1434 1998 1502 peractae

354 1512 532 1570 Vitae
575 1520 992 1589 argumentum
1038 1511 1333 1569 doliolum
1376 1512 1722 1589 impositum
1768 1518 1881 1570 est.

986 1674 1109 1757 Τῆς
1146 1679 1385 1759 πολιῆς.
1962 1679 2101 1758 γ20

263 1767 640 1843 Longaevae
651 1766 803 1823 haec
821 1771 963 1823 sunt
978 1765 1160 1823 busta
1175 1766 1524 1824 Maronidos
1544 1766 1759 1842 :inque
1782 1765 2102 1843 sepulchro

354 1851 410 1909 E
457 1850 629 1909 silice
680 1858 774 1910 est
814 1851 990 1907 fabra
1036 1850 1309 1927 sculptus
1363 1852 1438 1908 ab
1487 1859 1615 1909 arte
1660 1850 1838 1909 calix.

261 1936 634 1996 Multibibax
675 1943 734 1993 et
781 1934 1187 2011 multiloquax
1233 1955 1387 1995 anus
1433 1937 1584 1995 haec
1624 1956 1822 2012 neque
1864 1934 2048 2008 nati5‚

356 2019 481 2081 Sed
530 2038 729 2098 neque
772 2027 1050 2078 natorum
1092 2038 1363 2099 paupere
1409 2028 1583 2100 patre
1625 2021 1829 2100 gemit.

259 2107 404 2166 Hoc
446 2125 631 2164 unum
677 2115 791 2179 est,
834 2107 999 2181 quod
1042 2107 1145 2164 flet
1186 2107 1284 2166 vel
1330 2109 1512 2167 busto
1538 2108 1811 2179 condita3
1855 2106 2101 2165 Baccho

354 2192 483 2251 Vas
529 2192 732 2249 habile
774 2192 912 2263 hoc,
958 2191 1184 2249 Bacchi
1223 2193 1388 2268 quod
1433 2194 1515 2253 sit
1552 2194 1758 2266 inane,
1810 2193 2015 2270 gemit.

823 2355 1117 2439 Μαρωνὶς
1157 2358 1195 2434 ἡ
1248 2358 1543 2439 φίλοινος.
1964 2359 2103 2437 γ20

260 2443 414 2504 Nex
460 2445 779 2518 doliorum,
821 2444 1153 2502 temulenta
1186 2445 1287 2501 hic
1329 2445 1611 2506 conditur

265 2533 448 2592 Anus
492 2531 785 2588 Maronis.
835 2530 1109 2605 sculptus
1158 2537 1254 2587 est
1293 2530 1524 2588 tumulo
1576 2547 1778 2604 super,

264 2614 644 2690 Cunctisque
687 2615 1084 2674 noscitandus
1122 2615 1367 2674 Atticus
1411 2615 1588 2672 calix.

261 2698 452 2763 Nunc
489 2701 586 2759 vel
630 2700 871 2777 sepulta
912 2719 1029 2757 non
1077 2700 1210 2759 viro
1252 2707 1355 2757 aut
1395 2700 1554 2759 natis
1597 2715 1786 2776 super
1842 2691 1858 2708 ⁶

262 2785 426 2857 Flet,
475 2804 629 2860 quos
673 2785 917 2860 reliquit
962 2804 1159 2843 rerum
1207 2804 1438 2863 egenos
1485 2786 1779 2844 omnium:

264 2870 432 2930 Illud
468 2872 575 2929 flet
615 2890 823 2942 unum,
866 2871 1037 2947 quod.
1069 2871 1229 2928 calix
1270 2871 1472 2929 inanis
1519 2879 1630 2929 est.

782 3027 863 3097 ‘H
909 3032 1184 3115 Βρόμιον
1234 3035 1552 3117 στέρξασα.
1962 3036 2102 3114 γ20

266 3122 443 3197 Quae
479 3124 807 3197 Bacchum,
855 3141 1034 3199 quam
1080 3143 1237 3199 quae
1280 3125 1485 3182 nutrix
1523 3124 1855 3181 lactaverat
1895 3122 2035 3195 Ine,

355 3208 505 3268 Plus
549 3208 781 3280 dilexit,
830 3226 982 3266 anus
1023 3209 1290 3284 garrula,
1333 3208 1781 3280 Aristomache,

265 3292 609 3370 Postquam
650 3294 936 3351 mandata
986 3303 1080 3351 est
1120 3294 1372 3366 tumulo,
1420 3302 1760 3368 terramque
1804 3291 2029 3352 subivit

359 3380 600 3438 Mortua
642 3379 786 3450 iam,
838 3378 1029 3437 multo
1073 3379 1313 3453 iamque
1358 3386 1611 3455 operata
1652 3397 1844 3438 mero:

271 3463 412 3521 Huc
452 3465 682 3536 Minoe,
739 3464 846 3537 ait,
890 3464 1006 3521 huc
1053 3484 1268 3523 urnam
1314 3464 1462 3521 mihi
1503 3464 1674 3522 defer
1704 3464 1972 3537 inanem,

359 3548 442 3608 Ut
484 3568 653 3608 rores
699 3549 955 3607 haustos
995 3570 1070 3608 ex
1115 3551 1458 3609 Acheronte
1498 3550 1709 3608 feram.
