2452 4186
1251 270 1329 327 34

463 437 771 494 Innocuos
816 454 1016 493 mores
1064 443 1125 493 et
1169 436 1303 494 sine
1348 437 1506 508 labe,
1548 443 1729 492 notat.

378 521 516 582 Uno
564 528 940 599 argumentO,
987 520 1220 594 pictura
1258 521 1515 598 insignis
1560 520 1623 577 in
1671 539 1811 591 una,

465 605 750 665 Culturae
790 613 849 662 et
892 624 1127 663 morum
1174 606 1371 683 signa,
1421 605 1693 676 Melisse‚
1739 605 1920 680 geris.

696 775 797 831 32.
886 777 964 831 In
1006 773 1169 830 In’lia
1215 775 1520 830 eorundem
1560 776 1886 848 insiqnium.

377 861 540 920 Lilia
581 859 994 934 Francigenae
1039 859 1278 915 fuerant
1321 858 1590 934 insignia
1633 860 1855 935 gentis,

465 943 641 1004 Celta
686 943 781 1018 cui
829 945 1022 1000 victus
1070 942 1311 1000 subdita
1350 943 1512 1001 colla
1550 942 1732 1000 dedit.

379 1029 560 1089 Nunc
606 1048 700 1101 ea,
745 1028 854 1086 sed
900 1027 1150 1085 vixdum
1192 1028 1417 1086 veteris
1464 1027 1839 1105 cognominis
1888 1032 2130 1102 haeres,

468 1113 776 1173 Confusus
823 1112 1074 1170 Francis
1116 1112 1354 1169 hibrida
1400 1112 1614 1172 Gallus
1661 1108 1879 1172 habet:

380 1202 460 1261 Et
505 1199 673 1257 nullo
719 1198 940 1275 gentis,
989 1197 1154 1254 nullo
1197 1197 1435 1256 virtutis
1479 1201 1735 1270 honore,

469 1283 755 1361 Cognatis
801 1282 1065 1339 maculat
1112 1289 1433 1341 stemmata
1471 1284 1677 1359 prisca
1719 1285 1902 1349 notis.

380 1373 498 1431 Ast
537 1369 645 1427 tibi
696 1369 788 1427 vel
835 1367 1061 1443 duplici
1102 1375 1243 1424 sunt
1292 1369 1497 1435 debita
1541 1369 1692 1438 iure,
1740 1368 2014 1439 Melisse.‚

469 1454 646 1527 Quod
689 1455 879 1511 virtus
925 1462 984 1509 et
1028 1471 1178 1528 gens
1226 1455 1336 1512 illa
1375 1454 1597 1512 dedere
1645 1452 1773 1511 tibi.

845 1627 945 1684 33.
1036 1629 1112 1682 In
1155 1628 1475 1701 Imaqinem
1516 1625 1759 1682 Melissi.

386 1706 644 1766 Caetera
683 1711 952 1769 membra
999 1711 1118 1767 mei
1165 1709 1579 1785 spirantiaque
1628 1728 1738 1767 ora
1776 1715 2018 1785 poetae,

470 1791 734 1850 Artificis
776 1795 976 1870 potuit
1017 1796 1263 1872 pingere
1308 1795 1486 1852 docta
1529 1813 1784 1865 manus;

387 1875 512 1936 Sed
549 1896 778 1950 verum,
823 1887 883 1936 et
925 1880 1124 1937 vivum
1166 1872 1388 1951 vatem}
1439 1888 1744 1955 totumque
1785 1876 2130 1948 Melissum‚

471 1962 851 2037 Expressum
894 1965 956 2021 in
1000 1974 1214 2025 nostro
1258 1973 1503 2040 pectore
1557 1964 1814 2040 sculpsit
1852 1981 2040 2020 amor.

509 2132 609 2189 34.
699 2136 743 2191 I
741 2135 1098 2192 llustrissimo
1159 2136 1408 2192 Domino
1465 2136 1716 2191 Hem-ico
1775 2134 2089 2203 Borbom‘o,

958 2220 1320 2277 Dumbarum
1363 2220 1645 2293 Principi.

394 2299 448 2358 O
496 2318 673 2373 quem
718 2310 776 2358 te
822 2302 1040 2374 dicam,
1089 2304 1364 2377 quoniam
1413 2303 1713 2362 natalibus
1762 2302 1949 2360 audes

475 2385 675 2444 Altius
721 2386 959 2445 eximiis
1007 2387 1322 2445 exeruisse
1366 2397 1563 2465 caput.

393 2468 489 2527 Tu
537 2489 728 2547 genus
776 2471 1052 2529 Heroum
1100 2473 1315 2530 studiis
1355 2481 1532 2548 atque
1582 2474 1813 2530 artibus
1862 2471 2010 2529 olim

477 2556 734 2616 Missum
778 2576 889 2633 per
930 2557 1135 2634 Reges
1184 2565 1440 2615 stemma
1481 2559 1667 2616 tueris
1709 2575 1879 2616 avos.

393 2642 476 2697 At
518 2641 733 2713 quibus
776 2641 1068 2701 illustreis
1121 2650 1287 2700 ortus
1333 2650 1547 2699 natura
1590 2643 1853 2719 negavit,

478 2724 596 2783 His
638 2727 824 2784 virtus
870 2727 1063 2785 instar
1101 2726 1428 2784 nobilitatis
1476 2728 1604 2785 erit.

394 2809 475 2866 Et
514 2809 656 2867 licet
702 2811 779 2867 ad
816 2811 1054 2868 laudem
1103 2811 1301 2867 cuncti
1351 2831 1700 2889 grassemur
1740 2813 1998 2869 honesto

483 2891 781 2967 Consilio,
828 2915 1060 2955 merces
1104 2916 1231 2953 non
1267 2904 1468 2954 tamen
1513 2917 1706 2970 aequa
1746 2904 1963 2953 manet.

397 2976 559 3035 Nam
609 2980 798 3038 virtus
847 2980 1004 3039 alios
1052 2981 1329 3039 homines
1375 2981 1682 3039 Heroibus
1726 2987 1963 3055 aequat,

480 3063 754 3122 Heroum
799 3074 976 3125 natos
1021 3066 1130 3123 sed
1169 3066 1336 3124 iubet
1376 3085 1515 3125 esse
1564 3065 1755 3124 Deos.

398 3287 767 3376 Francorum
812 3319 961 3376 nulli
1007 3236 1244 3398 Regtfiin
1289 3237 1529 3396 5315ae-
1557 3320 1880 3378 secundum

488 3401 687 3462 Trans
733 3404 923 3461 maria
966 3406 1169 3463 evexit
1207 3405 1538 3481 relligionis
1584 3424 1774 3462 amor.

402 3486 517 3544 Ille
553 3488 899 3564 triumphati
943 3491 1154 3566 spoliis
1201 3490 1471 3549 Orientis
1518 3498 1793 3562 onustus,
