2452 4186
994 345 999 356 .
1102 300 1225 358 353

252 464 617 522 Trahentem
663 467 737 524 ab
781 469 988 526 Aeaco
1032 476 1213 545 atque
1252 470 1483 530 Perseo
1529 490 1743 549 genus,

248 553 303 607 A
340 549 666 609 Temeneis
710 571 826 608 non
867 553 1075 626 procul
1117 555 1436 615 natalibus.

250 633 370 695 Sed
417 643 714 692 mortuum
756 636 921 693 illum
964 637 1162 714 Perga
1208 660 1382 698 mons
1426 641 1801 717 Tyrrhenius

245 720 316 777 In
358 718 708 795 Gortynaeo
753 722 966 779 condet
1009 723 1278 781 ustrinae
1321 725 1528 784 situm:

247 802 394 862 Cum
434 804 833 862 lacrumanter
871 808 1105 865 occidet
1149 818 1394 884 propter
1433 812 1652 869 malum

241 888 508 963 Natique
550 890 968 967 coniugisque,
1012 912 1187 967 quam
1229 895 1416 952 frater
1457 914 1682 954 necans

245 974 467 1033 Orcum
518 975 818 1033 secundus
861 985 1140 1051 postuma
1185 980 1284 1035 via
1326 988 1510 1055 petet,

244 1056 475 1116 Caesus
525 1061 756 1118 sororis
799 1079 945 1118 ense
988 1063 1233 1121 funesto
1276 1065 1497 1140 gulam,

244 1141 579 1201 Glauconis
622 1146 986 1221 Absyrtique
1036 1149 1320 1206 sobrinae
1362 1150 1690 1225 improbae.

243 1227 360 1284 Hic
406 1235 498 1285 tot
540 1229 730 1286 ruinis
773 1238 973 1304 totque
1019 1234 1354 1292 cumulatus
1395 1236 1592 1308 malis,

242 1310 527 1371 Secundo
571 1314 760 1371 adibit
803 1315 1005 1373 Ditem
1054 1317 1507 1392 inexorabilem,

241 1395 354 1456 Cui
396 1397 597 1456 nullus
644 1417 900 1473 unquam
948 1402 1134 1460 sudus
1176 1404 1380 1461 arrisit
1416 1405 1566 1463 dieS.

241 1482 295 1541 O
341 1502 518 1558 quam
566 1483 675 1540 tibi
721 1487 1063 1558 praestabat
1109 1506 1248 1545 esse
1288 1488 1352 1545 in
1401 1491 1613 1564 patria,

237 1567 502 1639 Miselle,
550 1576 748 1627 tauros
796 1571 892 1627 vel
936 1572 1216 1629 colonum
1264 1575 1487 1631 rustico

236 1653 454 1730 Iugare
498 1653 750 1710 asellum
800 1656 912 1713 sub
954 1658 1110 1715 coho
1157 1659 1552 1731 cantherium,

235 1737 424 1796 Fictis
468 1738 684 1797 furoris
727 1738 1123 1799 insolescenti
1163 1742 1335 1817 dolis,

240 1822 434 1898 Quam
478 1830 569 1881 tot
610 1823 812 1882 subire
852 1824 1114 1883 luctuum
1163 1827 1530 1885 discrimina.

236 1911 316 1966 At
360 1908 577 1966 anxius
622 1908 714 1965 vir
760 1910 1078 1988 coniugem
1122 1920 1350 1987 raptam
1398 1922 1709 1988 expetens.

235 1993 313 2050 Et
352 1994 670 2069 augurales
715 1995 978 2053 ominum
1014 1996 1265 2055 audiens
1312 2006 1512 2070 notas,

235 2082 463 2137 Amore
502 2079 720 2155 spectri
762 2082 1142 2158 pervagantis
1187 2084 1434 2141 aethera

236 2163 403 2237 Quae
447 2185 571 2222 non
616 2165 841 2224 marina
884 2169 1107 2243 templa
1147 2168 1643 2242 perscrutabitur,

235 2247 403 2322 Quae
447 2269 572 2308 non
610 2269 761 2326 vaga
803 2251 1081 2309 lustrabit
1123 2273 1266 2309 arva
1311 2254 1619 2329 indagine.

234 2333 441 2391 Primo
486 2334 725 2409 quidem
765 2334 1121 2412 Typhonios
1169 2346 1373 2393 cernet
1415 2357 1654 2411 specus,

170 2436 175 2441 ·
232 2427 554 2494 Anumque
596 2438 745 2477 saxo
793 2422 1058 2478 membra
1107 2421 1379 2479 duratam
1427 2441 1671 2498 asper0,

233 2503 368 2561 Nec
413 2524 534 2563 non
575 2504 896 2563 Erembum
936 2506 1206 2583 cognitas
1258 2507 1586 2580 piscatibus

232 2589 431 2664 Ripas
477 2589 749 2648 hiantes:
807 2600 984 2665 atque
1029 2591 1337 2648 adulterae
1381 2592 1670 2667 inclytum

236 2675 521 2749 Myrrhae
562 2675 795 2732 -videbit
838 2677 1142 2753 oppidum,
1189 2678 1359 2736 cuius
1402 2685 1633 2735 uterum

234 2759 489 2817 Levavit
534 2760 874 2819 obstetricis
918 2763 1154 2820 arboris
1197 2762 1380 2819 liber:

235 2844 315 2901 Et
357 2844 499 2901 fleta
543 2844 793 2901 multum
841 2847 1018 2906 busta
1060 2846 1359 2905 Gauantis
1407 2865 1550 2905 suae

235 2928 464 3001 Herae,
506 2927 819 3006 Hospitali
864 2933 1130 3006 Vici[a]e
1174 2932 1359 3009 Iugae
1399 2931 1581 2988 deae:

237 3012 430 3085 Quem
468 3022 605 3070 trux
645 3014 877 3074 bisetus
923 3018 1100 3074 dente
1144 3036 1293 3073 cano
1338 3016 1652 3075 conscidit.

235 3103 426 3156 Aroes
467 3099 695 3155 videbit
735 3120 845 3157 nec
891 3103 1090 3160 minus
1137 3100 1500 3177 Cepheidas,

234 3182 368 3242 Nec
413 3203 539 3241 non
582 3182 818 3242 Camilli
855 3185 1148 3244 lubricum
1187 3186 1427 3261 pulsum
1474 3184 1672 3260 pedis,

236 3272 511 3342 Arasque
553 3269 844 3343 duplices,
886 3291 1035 3347 quas
1080 3270 1254 3347 dapis
1304 3269 1579 3346 cupidine

238 3352 433 3411 Bocas‘
474 3353 716 3426 subivit,
760 3375 869 3431 pro
922 3365 1123 3431 parata
1161 3356 1392 3432 virgine

237 3436 462 3495 Hiante
507 3439 678 3495 fauce
722 3459 938 3517 eorpus
980 3441 1325 3516 Aurigenae
1369 3456 1617 3512 vorans,

238 3522 542 3581 Rimantis
588 3534 750 3597 exta,
793 3527 1068 3599 masculi,
1111 3524 1606 3668 plumigradae.23

2069 1078 2173 1132 810

2065 1503 2170 1556 815

2064 1926 2169 1979 820

2098 2349 2201 2409 825

2058 2779 2163 2832 830
