2452 4186
1224 369 1234 378 κ
1277 316 1399 375 356

420 486 705 562 Namque
745 486 882 561 ipsa
923 504 1220 544 summum
1268 486 1484 563 diriget
1527 484 1714 541 telum
1755 503 1938 541 manu

283 574 387 628 915
424 572 711 630 Tendens
753 579 959 627 tenum
1000 571 1204 648 virago
1247 573 1521 628 Maeoten
1568 568 1763 626 Tuba.

423 656 632 715 Durae
677 655 755 713 ad
792 656 1018 712 fluenta
1064 657 1164 729 qui
1209 664 1475 713 cremato
1521 654 1809 711 acerrimo

425 743 662 805 Leone,
708 740 889 817 valgo
937 739 1250 798 dexteram
1295 741 1551 798 armavit
1596 737 1822 815 Scytha

428 825 713 897 colubro,
760 824 1073 883 volantum
1111 825 1411 902 pinsitore
1455 824 1789 900 cuspidum.

428 911 670 971 Crathis
718 910 1054 986 sepulcrum
1104 910 1210 968 sed
1258 909 1483 968 videbit
1527 911 1741 967 mortui

285 995 390 1050 920
425 997 519 1055 Ad
567 997 688 1053 ima
728 995 950 1069 templa
985 994 1258 1053 bitientis
1305 994 1575 1065 Patami,

420 1081 546 1141 Ubi
587 1098 807 1139 sonora
846 1087 1065 1154 stagna
1104 1079 1464 1137 Nauaethus
1508 1080 1711 1137 vomit.

421 1166 632 1243 Ipsum
676 1164 980 1221 necabunt
1019 1166 1301 1224 Ausones
1342 1164 1603 1221 Pellenii

424 1251 624 1327 Opem
654 1250 959 1306 ⁴ferentem
1003 1249 1290 1307 Lindium
1329 1250 1724 1325 praetoribuS‚

424 1337 599 1411 Quos
646 1334 1009 1410 Thermydri
1053 1354 1201 1408 quos
1249 1333 1535 1409 Carpathi
1573 1334 1734 1409 iugis
1777 1334 1991 1410 procul

283 1417 386 1471 925
423 1421 624 1498 Vagos
668 1437 956 1478 coruscus
1003 1418 1334 1477 Thrascias
1374 1419 1570 1475 mittet
1614 1419 1782 1477 canis

421 1505 593 1566 Novi
634 1504 892 1562 colonos
937 1504 1323 1581 hospitisque
1370 1502 1653 1578 pulveris.

419 1592 583 1668 Ergo
623 1588 901 1648 Macellis
947 1590 1274 1646 maximum
1321 1587 1608 1663 templum
1654 1588 1888 1645 incolae

421 1669 625 1735 Busto'
664 1682 988 1745 struente8‚
1035 1693 1257 1731 numen
1303 1681 1615 1731 aeternum
1659 1673 1863 1731 colent

422 1761 739 1835 Libisque‚
780 1759 1000 1835 opimis
1051 1767 1110 1816 et
1154 1760 1332 1816 boum
1379 1757 1711 1816 nidoribus.

284 1844 388 1898 930
420 1847 621 1904 Faber
667 1844 885 1901 caballi
928 1844 1272 1920 Laugariae
1309 1843 1388 1900 inv
1420 1842 1739 1916 cubilibu8‚

423 1930 673 1988 Timore
713 1929 925 1987 Martis
968 1937 1028 1986 et
1060 1937 1337 1986 catervae
1375 1928 1643 1985 Thuriae

422 2014 707 2072 Pendens
747 2014 1017 2089 parentis
1067 2014 1337 2088 peierata
1380 2013 1651 2084 crimina,

324 2156 327 2159 ,
427 2099 596 2172 Quae
637 2117 828 2175 pecua
868 2106 1116 2174 propter
1160 2107 1503 2173 comparata
1540 2098 1795 2173 praelio,

425 2183 643 2243 Celsae
691 2182 1057 2242 Comaethus
1098 2183 1311 2241 dirutis
1353 2183 1728 2259 prosimuriis

286 2268 388 2322 935
427 2270 523 2329 Ob
572 2268 904 2345 coniugalis
954 2287 1132 2326 curae
1178 2287 1448 2326 amorem
1491 2268 1796 2339 uxorium,

422 2356 492 2413 In
541 2354 831 2413 Bellicam
878 2351 1217 2430 Cydoniam
1261 2353 1594 2428 viraginem

424 2440 921 2514 Crestoniumque
959 2440 1258 2515 peieravit
1294 2439 1356 2495 in
1399 2438 1597 2495 Deum

421 2527 659 2601 Lupum
707 2524 1026 2599 Quirinum
1071 2525 1430 2582 Trossulum
1470 2516 1915 2595 Flexum'inem‚

424 2611 547 2686 Qui
586 2610 989 2667 torminosum
1043 2609 1340 2687 praelium
1382 2608 1445 2665 in
1491 2607 1735 2664 fratrem
1783 2608 1947 2666 dedit

288 2695 391 2748 940
424 2695 595 2752 Intra
638 2695 909 2771 parentis
950 2695 1224 2753 intimam
1270 2693 1514 2769 bulgam
1561 2693 1748 2769 pugil,

422 2779 647 2845 Natale
689 2779 956 2837 nondum
996 2781 1148 2838 lucis
1193 2781 1434 2836 intuens
1477 2779 1672 2849 iubar,

423 2864 557 2923 Nec
595 2864 750 2921 liber
795 2883 832 2920 a
863 2864 1210 2922 Partundae
1246 2864 1441 2921 adhuc
1483 2863 1827 2920 laboribus:

425 2948 852 3008 Meticulosum
901 2967 1124 3007 auxere
1167 2949 1255 3008 sic
1298 2949 1481 3007 fetum
1527 2948 1645 3019 dei,

427 3034 651 3094 Caestu
699 3033 1023 3106 valentem,
1073 3036 1134 3091 in
1183 3036 1376 3092 Marte
1418 3033 1703 3090 lauricem
1750 3040 1973 3102 tamen,

289 3115 391 3170 945
426 3120 505 3179 Et
541 3127 666 3176 arte
704 3119 1025 3194 plurimum
1067 3119 1274 3176 utilem
1313 3120 1376 3175 in
1416 3119 1627 3176 castris
1676 3136 1815 3175 sua:

427 3203 544 3276 Qui
587 3205 746 3260 circa
790 3201 955 3261 Cirin
1007 3212 1066 3262 et
1113 3202 1444 3278 Cylistarni
1489 3202 1735 3259 humida

427 3287 694 3346 Habebit
735 3289 966 3365 hospes
1002 3289 1207 3365 >patria
1248 3288 1449 3363 procul
1488 3288 1720 3358 domOS,

328 3364 333 3373 ¹
426 3373 549 3432 Ubi
594 3371 900 3446 dolabras,
942 3375 1112 3450 queis
1157 3393 1402 3451 gravem
1445 3372 1666 3430 molem
1708 3370 1974 3442 asciam,

427 3459 673 3516 Illustre
717 3456 1000 3516 damnum
1042 3459 1362 3516 fabricabit
1401 3457 1644 3530 incolis,

292 3546 398 3601 950
432 3543 635 3602 Molae
678 3543 940 3600 sacrabit
986 3545 1050 3601 in
1091 3542 1418 3603 Cluacinae
1460 3541 1645 3600 tholo.
