2452 4186
1095 296 1221 358 282¹

541 455 955 525 ΠΟΥΒΛΙΟΥ
990 456 1257 525 ΣΥΡΟΥ
1289 458 1767 530 ΜΙΜΙΑΜΒΟΙ.

245 542 531 608 Θανάτου
572 548 863 608 τοσοῦτον
913 543 1287 628 ὑστεροῦμεν
1333 546 1394 609 οἱ
1437 547 1664 633 βροτοί.

233 625 481 700 Ἔλπιζ’
521 626 627 691 ἀπ’
674 627 872 692 ἄλλου
914 633 1103 704 τοῖον,
1150 628 1281 692 οἷόν
1330 628 1432 735 σφ’
1484 632 1771 716 εἰργάσω.

240 710 549 798 Ἐρῶντος
593 713 777 798 ὀργήν
827 714 1115 797 δακρύοις
1157 736 1518 798 παρηγορει.

236 794 315 861 Ὃ
359 801 451 882 τῷ
495 797 772 882 παροίνῳ
812 801 1165 881 συμπεσὼν,
1212 803 1566 903 σκιαμαχεῖ.
1658 861 1659 866 ,

243 882 431 964 Δεινὴ
476 882 544 946 τὸ
594 879 769 951 δόξαι
806 882 961 966 πρὸς
1006 885 1075 946 τὸ
1126 884 1423 968 δυστυχὲς
1467 884 1647 968 ροπή.

241 964 475 1050 Κριτὴς
518 966 852 1051 σφαδάζων
902 966 991 1035 εἰς
1024 968 1093 1030 τὸ
1191 967 1513 1051 εταμέλειν
1559 966 1785 1053 τρέχει.

244 1048 587 1135 Πρόθυμον
637 1049 723 1119 εἰς
762 1052 830 1114 τὸ
873 1049 1085 1136 χεῖρόν
1139 993 1281 1115 ἔσθ’
1328 1052 1583 1157 ὑποψία.

240 1133 430 1203 Ἰδίας
466 1136 751 1218 γυναικὸς
794 1134 1014 1220 μοιχός
1055 1135 1186 1199 ἐστ’
1234 1136 1392 1220 ἐρῶν
1442 1159 1615 1219 αγαν.

244 1217 507 1305 Χρυσοΰ
553 1221 762 1303 μικρὸν
805 1220 1104 1303 δάνεισμα
1150 1220 1339 1304 μέγαν
1393 1220 1618 1307 ἐχθρὸν
1660 1224 1847 1285 ποιεῖ.

245 1301 524 1388 Κρύπτει
568 1303 794 1389 χρόνος
838 1304 1130 1381 κίναιδον,
1179 1305 1459 1388 ἐκφαίνει
1491 1303 1733 1391 χρόνος.

234 1387 520 1457 Ἀλλους
567 1386 816 1471 ἀρέσκει
861 1389 1046 1472 τάμὰ,
1088 1390 1298 1452 καὶτὰ
1340 1391 1531 1475 τῷνδ’
1578 1388 1712 1473 ἐμέ.

248 1474 491 1536 Δουλοῖ
534 1473 795 1551 δάνειον,
839 1470 948 1557 κᾷν
995 1474 1328 1558 ἐλευθερός
1373 1498 1458 1543 τις
1499 1471 1566 1560 ᾗ.

242 1555 559 1641 Ἀλλότρι’
606 1557 766 1619 ἐστὶν
811 1557 852 1620 ἃ
884 1556 1049 1643 Ἐέβη
1093 1558 1480 1641 ποθούμενα.

245 1639 467 1725 Χαρὰν
511 1641 736 1705 ἑαυτοῦ
786 1643 868 1725 μὴ
901 1646 1098 1706 ποιεῖν
1139 1644 1200 1705 τ’
1235 1643 1444 1707 ἄλλων
1487 1643 1666 1706 κακά.

244 1723 447 1810 Ὀργῇ
482 1725 624 1789 καθ’
671 1727 862 1790 αὑτοῦ
905 1727 1092 1791 πόλλ>
1138 1728 1400 1811 ἐραστὴς
1443 1727 1756 1814 ψεύδεται.

243 1807 448 1895 Ἐρῶν
494 1811 555 1873 τί
593 1812 678 1894 λῇ
721 1811 829 1894 μὲν
868 1811 1055 1889 οἶδεν,
1099 1812 1217 1897 οὐχ
1266 1815 1384 1898 ὁρᾷ
1432 1816 1503 1877 δὲ
1543 1813 1604 1875 τί
1644 1814 1878 1897 φρονεῖ.

228 1892 319 1959 “O
366 1896 656 1982 φοβοῦντ’
707 1895 986 1979 ἐρῶντες,
1031 1901 1197 1959 τοῦτ’
1246 1898 1680 2005 ὀνειρώττουσ’
1718 1897 1899 1981 ὕπαρ.

238 1976 449 2064 Ἔρως
490 1978 613 2064 νέῳ
658 1981 989 2065 κάρπωμα,
1024 1987 1266 2066 γηραιῷ
1308 1988 1516 2067 ψογος.
1916 1993 1922 1998 ’

240 2060 432 2149 Ἐρᾷν
478 2064 606 2149 ἅμα
653 2069 898 2150 φρονεῖν
946 2090 1011 2131 τε
1051 2066 1105 2131 κ’
1148 2066 1219 2130 οὐ
1272 2067 1403 2153 θεῷ
1445 2070 1634 2153 πάρα.

249 2149 461 2234 Πρᾷον
512 2149 677 2234 φίλει
713 2151 985 2228 τεκόντα,
1032 2151 1329 2216 δύσκολον
1377 2153 1549 2238 φέρε.

252 2235 443 2298 Φιλία
488 2235 595 2318 μὲν
640 2236 760 2297 αἰεὶ
801 2238 1089 2319 χρηστὸν,
1136 2237 1468 2321 ἐπιβλαβὲς
1508 2239 1569 2300 δ’
1615 2237 1794 2321 ἔρως.

253 2319 448 2382 Φιλία
493 2321 703 2404 λαβεῖν
761 2318 1003 2395 εἴωθεν,
1043 2321 1082 2402 ἢ
1130 2324 1328 2382 ποιεῖν
1377 2320 1565 2390 ἰ’σους.

248 2403 464 2472 Ποιεῖς
505 2404 754 2482 ἑαυτοῦ,
796 2404 939 2472 τοὺς
978 2405 1163 2490 φίλου
1209 2409 1402 2486 μισῶν
1446 2406 1728 2489 τρόπους.

250 2487 456 2551 Φίλου
502 2488 1117 2573 στερεῖσθαινζημιῶν
1163 2488 1491 2572 ὑπερτάτη.

251 2572 492 2641 Φίλους
532 2574 837 2636 δυσωπεῖν
884 2573 1032 2636 οὐδὲ
1070 2574 1529 2657 προσπαίζοντα
1571 2575 1683 2637 δεῖ.

232 2653 435 2721 ’Ὅσον
479 2655 684 2741 ἐνδέῃ,
728 2657 907 2720 τόσον
951 2657 1353 2741 καθυστερεῖς
1391 2658 1610 2742 φίλων.

238 2739 449 2826 Ἔρως
488 2741 945 2827 δυσεκβίαστον,
988 2742 1134 2806 ἀλλ’
1180 2741 1517 2805 ὀλισθάνει.

239 2824 450 2910 Ἔρως
494 2826 788 2910 μερίμνης
830 2825 1018 2889 αἴτιον
1066 2828 1480 2913 κακοσχόλου.

239 2907 452 2994 Ἔρως
495 2910 676 2996 φόβῳ
713 2909 953 2995 πέφυκε
997 2912 1340 2993 δυσμίκτως
1386 2909 1575 2997 ἔχειν.

239 2993 454 3080 Ἔρως
494 2998 525 3060 ὁ
566 2998 808 3079 τρώσας
854 2994 1037 3063 αὐτός
1082 2994 1211 3057 ἐστ’
1264 2997 1546 3079 ἰώμενδς.

250 3080 483 3163 Στενῆς
523 3078 828 3164 τραπέζης
876 3077 1003 3142 ἔστ’
1047 3079 1366 3148 ἀκίνδυνος
1409 3081 1630 3165 τροφή.

248 3162 439 3250 Ἐρᾷν
485 3165 585 3249 ἐφ’
632 3165 777 3247 ἡμῖν
825 3163 971 3240 ἐστὶ,
1015 3162 1376 3226 παύσασθαι
1424 3166 1493 3227 δὲ
1541 3166 1644 3248 μή.

255 3246 350 3314 Οὐ
393 3248 587 3312 πιστέ’
637 3249 794 3312 ἐστὶν
847 3248 1025 3312 οὐδὲν
1074 3248 1350 3330 ἀλγούσῃ
1397 3250 1590 3332 φρενί.

241 3333 593 3398 Ἀπταιστα
639 3333 864 3418 βαίνειν
914 3333 1076 3396 οἶδεν
1121 3331 1391 3415 εὐλαβὴς
1427 3332 1671 3415 τρόπος.

232 3415 360 3482 Ὧν
410 3419 471 3480 οἱ
519 3417 813 3480 ἐπιτάττει
849 3420 1012 3494 νοῦς,
1055 3417 1365 3503 ἐπήβολος
1406 3420 1597 3499 κυρεῖ.

255 3501 583 3575 Παίζουσα
623 3506 811 3585 γραῦς
851 3499 1122 3586 Χάροντι
1158 3501 1628 3573 καλλωπίζεται.
