2452 4186
1246 310 1365 368 1¹12

386 475 683 548 Persona,
723 476 983 553 primum
1028 497 1208 553 quam
1251 478 1360 537 tibi
1399 478 1806 555 imposiveris‚

384 562 484 620 Ad
531 560 802 619 ultimum
846 580 1036 637 usque
1082 560 1424 638 perferatur
1468 564 1712 622 exitum.

387 644 521 705 Nec
562 646 624 703 in
662 664 911 706 recessu
954 647 1299 707 solitudinis
1344 649 1508 706 ferae

386 736 577 790 Actus
622 732 905 790 honestos
942 733 1262 807 squallidis
1306 733 1561 791 inertiae

386 816 632 874 Damna
675 817 962 875 tenebris.
1009 816 1132 875 Cur
1171 819 1519 892 relinquens
1560 825 1620 875 te
1669 816 1844 888 forie,

389 900 482 959 Te
525 921 734 959 rursus
782 902 926 959 alibi
961 902 1249 976 quaeris?
1292 902 1627 964 Hominum
1675 921 1707 959 e
1753 901 2026 959 coetibus

386 987 579 1045 Exire
617 986 889 1062 ineptum
934 995 1048 1060 est,
1096 996 1420 1063 antequam
1465 1008 1498 1046 e
1542 989 1668 1046 vita
1711 1006 1920 1045 exeas.

948 1158 1008 1213 3.
1092 1157 1313 1214 Doctus
1352 1160 1415 1213 in
1464 1159 1640 1215 Aula.

391 1236 607 1296 Cultor
650 1236 976 1297 Camoenis
1028 1240 1211 1298 debiti
1258 1241 1485 1299 silentii

304 1340 307 1344 ’
387 1323 653 1383 Finxere
693 1331 900 1398 pectus
946 1325 1040 1381 cui
1078 1326 1327 1400 politum
1376 1326 1610 1398 literae,

390 1409 630 1467 Venisti
678 1408 740 1466 in
779 1409 979 1465 aulam
1017 1409 1292 1468 literatus
1342 1411 1568 1469 arbiter

388 1492 770 1571 Negotiosae
818 1502 876 1550 et
917 1493 1221 1567 inquietae
1265 1496 1540 1553 inertiae.

391 1578 446 1638 O
493 1578 669 1652 quale
714 1578 900 1635 debes
952 1580 1236 1639 omnibus
1284 1580 1608 1637 ludibrium

389 1663 639 1721 Asellus
689 1662 847 1719 inter
890 1663 1134 1721 simiasl
1186 1664 1360 1722 Tune
1404 1665 1522 1729 hic..
1566 1664 1669 1721 ubi

389 1748 592 1807 Unum
637 1766 670 1803 e
715 1754 807 1805 tot
850 1747 1160 1805 hominum
1199 1749 1381 1824 plebe
1426 1748 1528 1806 vix
1574 1748 1876 1805 hominem
1921 1746 2140 1805 vides?

391 1833 514 1893 Ubi
559 1832 643 1889 nil
681 1831 768 1889 tui
811 1832 911 1904 sit,
959 1832 1161 1891 nullus
1203 1834 1301 1891 hic
1339 1834 1505 1892 locus
1547 1834 1655 1891 tibi
1700 1841 1811 1891 est.

932 2002 987 2059 4.
1075 2004 1310 2060 Nobilis
1347 2006 1664 2078 imperitus.

395 2085 551 2148 Sunt
592 2085 919 2145 discolores
965 2087 1238 2147 vestibus
1280 2087 1481 2164 plebs,
1529 2088 1791 2148 nobiles.

395 2171 518 2233 Sed
561 2171 907 2230 concolores
957 2182 1097 2231 sunt
1143 2173 1381 2246 utrique
1426 2174 1717 2235 moribus.

393 2342 452 2399 5.
540 2341 789 2398 Amicus
837 2360 874 2397 a
916 2347 976 2398 te
1027 2341 1081 2399 si
1122 2341 1267 2415 quid
1309 2349 1631 2419 exspectat
1677 2340 1845 2413 boni,

391 2425 465 2483 Id
501 2423 677 2483 omne
717 2425 895 2483 debet
935 2426 1166 2503 expeti,
1207 2447 1332 2485 non
1370 2426 1651 2505 exprimi.

391 2511 647 2569 Extorta
691 2511 991 2568 neminem
1034 2511 1327 2588 obligavit
1364 2513 1579 2589 gratia.

391 2598 446 2653 A
494 2616 619 2655 non
668 2596 902 2654 volente
944 2597 1101 2671 quod
1144 2597 1338 2670 datur,
1387 2617 1508 2655 non
1553 2597 1768 2654 debeo·

394 2766 452 2824 6.
534 2764 860 2823 Illiberalis
899 2764 1270 2842 indigentem
1318 2783 1497 2839 quum
1546 2765 1728 2836 videt⁷

396 2849 827 2922 Occasionem,
871 2868 975 2907 cur
1014 2850 1165 2907 nihil
1209 2850 1331 2921 det,
1374 2857 1650 2924 aucupat.

395 2934 550 3010 Quis
582 2943 647 2992 tu
679 2954 744 2993 es
767 2935 795 2992 ἲ
839 2935 985 3010 quid
1015 2954 1083 2993 es
1115 2935 1241 2992 mi?
1279 2935 1599 3010 proximus
1629 2952 1762 2993 sum
1785 2940 2028 3010 egomet
2050 2932 2230 3006 mihi,

392 3020 535 3078 Hoc
571 3040 694 3078 non
735 3020 995 3091 habebo,
1043 3019 1201 3094 quod
1244 3020 1422 3078 dabo.
1470 3018 1873 3095 Indigentiam

396 3103 747 3164 Contemnit
790 3104 1052 3161 alienam
1096 3104 1222 3177 ille,
1267 3105 1374 3180 qui·
1412 3123 1582 3164 suam
1624 3104 1813 3160 timet.

397 3275 455 3333 7.
551 3276 813 3333 Assuete
856 3293 1088 3350 pauper
1132 3275 1403 3333 invidere
1442 3272 1631 3343 diviti,

397 3357 511 3418 Cui
551 3378 793 3436 semper
839 3360 968 3417 eius
1019 3378 1098 3416 ex
1141 3360 1321 3418 bonis
1364 3358 1521 3415 oculi
1565 3356 1794 3428 dolent,

397 3443 714 3504 Contende
764 3451 942 3520 captu
981 3460 1132 3511 cum*
1163 3452 1265 3503 tuo
1306 3451 1546 3519 captum
1588 3441 1774 3501 illius.

395 3528 742 3588 Habentiae
783 3529 931 3587 eius.
957 3537 1020 3586 tu
1065 3529 1423 3602 aemulator,
1463 3528 1559 3585 hic
1602 3536 1742 3584 tuae
1783 3533 1879 3584 est
