2452 4186
1193 328 1321 389 360

364 497 554 555 Vivos
591 495 812 554 hiantis
860 496 922 553 in
970 496 1088 555 soli
1129 497 1476 575 voragine,-

365 580 725 657 Sepulcrum
768 589 828 638 et
865 581 1022 657 ipsis
1066 581 1434 658 insepultum
1484 582 1709 641 Daunii

366 665 648 727 Statuent
691 683 908 724 acervo
950 667 1312 725 fornicatum
1361 686 1570 740 saxeo,

214 748 347 803 1065
367 751 620 809 Terram
668 750 994 809 offerentes
1039 771 1217 825 quam
1261 753 1549 811 volebant
1587 771 1844 825 sumere,

368 834 786 895 Cerebrisorbi
823 835 933 893 filii
975 837 1110 912 apri
1154 837 1376 895 bellici.

368 918 492 980 Sed
536 920 796 979 filiorum
837 920 1301 980 Nauboleorum
1341 930 1549 998 petent

365 1004 606 1064 Nautae
648 1004 1030 1077 Temessam‚
1077 1026 1198 1081 qua
1235 1007 1488 1084 iugosus
1531 1008 1859 1084 Lampetes

366 1089 613 1148 Illustre
656 1108 843 1147 cornu
886 1091 1127 1149 verticis
1168 1091 1467 1168 Hipponii

213 1176 349 1229 1070
370 1173 513 1234 Salo
557 1175 840 1233 tetendit:
891 1195 1125 1252 proque
1168 1175 1417 1236 Orissae
1455 1177 1676 1235 finibus

365 1258 778 1319 Crotoniatem
823 1269 1176 1336 portuosum
1221 1261 1532 1338 pulverem

363 1344 695 1403 Taurorum
742 1348 1000 1403 arabunt
1043 1347 1258 1405 ferreis
1304 1347 1666 1418 dentalibus,

362 1430 632 1487 Patriam
679 1430 933 1488 Lilaean
982 1440 1042 1488 et
1084 1436 1462 1490 Anemoreae
1506 1433 1659 1505 sola,

361 1516 735 1591 Amphissan
776 1524 837 1573 et
867 1516 1282 1575 desiderantes
1327 1525 1505 1592 atque
1545 1520 1732 1576 Abas.

210 1604 344 1657 1075
366 1598 591 1660 Setaea
636 1602 878 1672 misera,
923 1601 1159 1677 rupium
1203 1611 1264 1659 te
1299 1619 1443 1659 crux
1490 1611 1712 1676 manet,

362 1685 484 1745 Ubi
529 1685 813 1743 numellis
860 1687 1306 1745 membrivincis
1348 1687 1563 1745 ferreis

363 1770 607 1828 Misella
647 1771 851 1845 passis
892 1772 1235 1848 compedita
1273 1772 1536 1830 brachiis

363 1856 628 1913 Moriere
671 1856 893 1914 heriles
937 1875 1088 1914 ausa
1134 1857 1364 1916 classes
1407 1876 1599 1928 urere,

361 1940 459 1998 Ad
500 1938 748 1999 Crathin
797 1940 1062 1998 eiulante
1106 1951 1322 2016 questu
1366 1942 1664 2000 voltarum

210 2030 344 2084 1080
366 2024 608 2101 Rapina
649 2025 943 2099 pendenS,
978 2026 1266 2084 -oscinum
1306 2028 1648 2095 voracium:

366 2110 528 2184 Quin
573 2110 757 2168 sortis
799 2110 905 2166 ille
943 2130 1125 2169 mons>
1172 2121 1312 2175 tuae
1355 2115 1735 2189 cognominis

202 2195 250 2248 Εἰ
318 2236 323 2243 Δ
359 2195 544 2253 Ponti
584 2194 869 2271 procellis
911 2196 1258 2268 imminens,
1307 2199 1638 2256 vocabitur.

364 2279 596 2345 Tamen
642 2279 892 2357 Pelasgi
937 2281 1016 2337 ad
1055 2281 1181 2338 alta
1229 2283 1571 2341 Membletis
1620 2284 1795 2356 vada,

265 2361 268 2365 ’
363 2363 717 2439 Quicunque
760 2363 1043 2423 Corsicae
1087 2367 1453 2443 appulerunt
1491 2369 1749 2441 insulae,

210 2454 342 2529 1085
366 2449 858 2526 Tyrr[h]enicum
899 2451 1059 2508 ultra
1106 2472 1371 2510 murmur
1414 2454 1490 2510 ad
1531 2454 1843 2513 Lametios

216 2534 235 2563 '‘-
359 2535 610 2592 Lucana
647 2536 953 2593 habebunt
995 2538 1263 2613 gurgites
1308 2538 1562 2595 novalia.

201 2619 266 2667 (Μ’,
318 2619 513 2678 tlllos
555 2620 766 2677 ruinae
812 2620 1078 2695 duraque
1115 2622 1448 2681 infortunia

359 2702 625 2763 Maestos
667 2705 972 2763 habebunt
1016 2727 1140 2765 non
1185 2707 1480 2765 relaturos
1524 2708 1744 2783 pedem

356 2789 619 2866 Propter
655 2809 924 2849 mearum
969 2793 1309 2867 nuptiarum
1348 2792 1464 2849 vim
1517 2802 1760 2850 trucem.

208 2880 345 2936 1090
364 2873 497 2932 Nec
540 2874 640 2949 qui
691 2883 945 2951 penates
989 2877 1320 2952 gestientes
1366 2885 1511 2953 post
1550 2887 1780 2954 petent,

227 2970 232 2979 '
357 2952 749 3023 Vitulat-ionis
789 2960 1037 3037 pinguia
1075 2962 1407 3020 adolebunt
1453 2979 1643 3035 sacra,

202 3048 329 3100 tat-31
363 3044 839 3105 Redhostientes
886 3046 1140 3122 gratiam
1188 3047 1491 3106 Lucretio.

359 3128 520 3199 Nam
565 3137 657 3199 tot
695 3130 888 3188 ruinis
934 3139 1024 3189 tot
1064 3132 1241 3191 malis
1287 3133 1549 3204 Ericius.‚

360 3214 476 3271 Tot
520 3215 875 3272 Martiorum
917 3216 1239 3305 coniugum
1287 3218 1560 3275 aedituas
1603 3237 1787 3275 nurus

206 3308 340 3362 1095
359 3298 542 3357 Dolis
587 3301 834 3371 rotabit,
873 3320 986 3358 nec
1032 3303 1207 3360 malis
1253 3304 1563 3379 navifraga

208 3394 233 3415 ”·
362 3382 697 3442 Cessabit
679 3386 908 3461 ignium
953 3390 1261 3446 excubans
1303 3388 1579 3446 custodia

22 3538 83 3557 m
201 3474 266 3525 0)
316 3469 457 3528 tob
505 3469 672 3527 caesi
712 3470 939 3527 alumni
986 3471 1135 3545 fata,
1176 3492 1350 3547 quem
1398 3490 1615 3549 cespes
1662 3491 1874 3530 recens

306 3538 642 3626 Effossus
679 3556 740 3613 in
789 3556 1002 3613 tellure
1046 3558 1432 3634 Methymnae
1475 3564 1656 3635 teget.
