2452 4186
1208 295 1328 354 100

358 463 587 526 Sancta
629 463 950 522 vetustatis
994 465 1216 541 populo
1257 464 1547 524 miracula
1582 465 1841 540 pandas,

358 549 532 625 Quae
577 547 846 607 nondum
893 567 1188 624 praesens
1235 549 1297 607 in
1345 559 1616 625 apertum
1657 551 1910 626 protulit
1948 560 2139 611 aetas.

354 633 496 693 Non
537 642 597 695 te
628 632 956 709 praeteriit
1001 653 1158 709 quae
1209 635 1416 692 munia
1456 633 1748 693 Consulis
1789 644 2015 709 essent,

354 719 494 778 Non
538 736 671 775 cum
717 717 968 793 Tarpeii
1012 720 1306 777 deductus
1345 720 1422 776 ad
1465 720 1625 776 edita
1667 721 1892 779 montis

353 805 619 875 Limina,
666 803 965 861 bis-senis
1011 805 1278 880 aperiret
1319 804 1589 862 fascibus
1635 824 1879 878 annum,
1951 840 1952 843 =

363 888 639 949 Candida
683 887 959 947 delibans
1004 890 1310 965 conceptis
1358 890 1564 947 omina
1602 889 1777 948 votis,

353 973 489 1033 Neo
532 991 665 1033 oum
709 972 884 1049 signa
920 992 1211 1049 ¹premens
1260 974 1464 1032 eboris
1512 973 1749 1031 caelata
1789 974 2016 1032 curulis

358 1058 620 1119 Sedatos
666 1066 904 1134 regeret
945 1058 1229 1134 ponendo
1268 1060 1403 1115 iura
1453 1057 1737 1129 Quirites.

353 1143 498 1204 Non
535 1142 750 1219 ignota
784 1142 895 1200 tibi
931 1143 1097 1200 dubii
1139 1144 1431 1219 suffragia
1476 1144 1692 1217 campi,

355 1227 503 1287 Non
547 1227 756 1298 cistae,
803 1247 920 1284 non
969 1246 1105 1286 sors
1147 1228 1380 1286 incerta
1422 1228 1710 1286 volubilis
1749 1246 1968 1286 urnae:

355 1311 496 1371 Non
541 1311 738 1369 incisa
779 1313 908 1371 suis
951 1313 1154 1390 legum
1196 1312 1499 1371 tabularia
1542 1313 1735 1371 saxis.

354 1396 636 1456 Daedala
674 1397 933 1455 facundo
971 1399 1197 1456 florens
1240 1399 1350 1455 tibi
1399 1397 1625 1474 pagina
1662 1404 1829 1454 textu

356 1482 620 1541 Horrida
662 1482 1035 1559 sanguineae
1081 1483 1437 1541 discrimina
1475 1483 1673 1559 pingit
1714 1500 1955 1540 arenae.

356 1567 504 1626 Non
542 1568 767 1624 absunt
811 1567 959 1638 illie,
1007 1569 1154 1644 agili
1191 1586 1339 1642 quos
1389 1567 1639 1624 collocet
1681 1568 1859 1631 hasta

356 1653 642 1723 Venator,
689 1651 904 1726 Libyci
950 1651 1117 1709 fulva
1155 1653 1388 1711 cervice
1428 1652 1662 1710 leones,

360 1735 523 1808 Non,
567 1754 823 1811 quorum
862 1735 1128 1812 gladium
1177 1737 1483 1795 confector
1526 1737 1586 1794 in
1632 1736 1740 1793 ilia
1782 1737 2006 1795 condat

358 1819 731 1893 comminus,
780 1821 1007 1879 exertis
1050 1823 1356 1879 metuendi
1405 1822 1683 1880 dentibus
1728 1820 1893 1897 apri:

356 1910 478 1965 Aut
517 1905 848 1963 matutinae
890 1926 1014 1964 non
1061 1907 1275 1965 ultima
1316 1925 1567 1964 munera
1617 1925 1879 1983 pugnae,

357 1990 624 2066 Hispida
663 1989 1018 2066 Rhiphaeus
1061 1992 1263 2068 gelida
1309 2000 1596 2067 portenta
1634 1993 1746 2050 sub
1785 1993 1972 2050 Arcto

359 2076 535 2152 Quae
574 2080 829 2153 generat
874 2077 1090 2148 saltus,
1139 2076 1425 2153 spatiosis
1473 2076 1737 2134 molibus
1783 2077 1929 2135 ursiss

354 2163 429 2220 In
475 2180 729 2237 quorum
775 2170 995 2220 mortes
1043 2163 1293 2219 veniunt
1333 2170 1392 2218 et
1434 2162 1615 2219 funus
1660 2179 1881 2219 arenae

356 2246 472 2305 Vel
514 2246 616 2322 qui
657 2247 994 2321 composito
1043 2265 1260 2322 gressu
1299 2247 1549 2304 robusta
1587 2255 1863 2305 tenentes

303 2387 310 2392 .
355 2331 659 2392 Intratura
698 2331 863 2389 feras
906 2331 1108 2389 valido
1155 2330 1459 2389 venabula
1504 2331 1642 2389 nisu

358 2415 714 2477 Subsistunt
758 2415 934 2491 ipsiS‚
981 2416 1078 2473 vel
1124 2417 1225 2491 qui
1275 2416 1507 2473 librata·
1535 2415 1777 2474 lacertis

356 2500 621 2560 Missilia
663 2500 989 2576 expediunt
1033 2500 1299 2576 tepidum
1345 2509 1559 2575 potura
1595 2518 1889 2560 cruorem.

357 2586 636 2660 Denique
681 2605 797 2643 non
839 2586 985 2658 illic,
1027 2586 1244 2663 populi
1290 2604 1445 2660 quae
1490 2586 1711 2662 gaudia
1752 2594 2011 2661 pascant

354 2670 784 2745 Luxuriaeque
828 2678 1046 2746 parent
1086 2671 1314 2741 ludum,
1350 2670 1697 2746 spectacula
1740 2669 1976 2728 desunt.

356 2754 497 2815 Non
535 2773 691 2829 quos
738 2756 1130 2831 praepinguis
1170 2755 1468 2813 distentos
1504 2755 1661 2812 mole
1705 2756 1956 2831 saginae

353 2843 428 2899 In
474 2856 717 2898 succum
759 2839 1047 2915 implevit·
1071 2839 1358 2898 membris
1404 2841 1615 2898 arvina
1658 2840 1899 2912 torosiS‚

355 2925 475 3000 Qui
525 2931 702 2999 caput
737 2924 817 2980 in¹
842 2924 1059 2982 caedes
1100 2938 1159 2981 et
1205 2933 1413 2982 mutua
1453 2926 1667 2983 funera
1711 2925 1992 2983 vendunt.

355 3010 475 3069 Hic
515 3018 576 3067 et
616 3008 903 3068 Mirmillo
949 3008 1130 3067 nixus
1178 3010 1439 3068 subsidit
1480 3010 1544 3068 in
1590 3010 1776 3068 armis

353 3094 634 3154 Pendula
675 3094 988 3152 declinans
1034 3095 1306 3152 vibratae
1347 3096 1502 3153 retia
1540 3094 1812 3165 dextrae,

354 3181 744 3255 Verberaque
789 3200 828 3237 a
869 3188 1035 3238 moto
1083 3181 1252 3237 timet
1288 3180 1582 3237 intentata
1622 3179 1885 3237 tridente

355 3263 700 3341 So[l]licitis
742 3265 930 3323 oculis
968 3264 1233 3322 tunicato
1276 3272 1438 3322 tutus
1489 3265 1564 3321 ab
1611 3265 1808 3323 hoste.

351 3353 476 3411 Aut
517 3368 630 3426 par
678 3350 1039 3426 aequimano
1085 3367 1365 3426 pugnans
1411 3368 1542 3406 cum
1588 3348 1822 3406 Threce
1866 3353 2107 3406 secutor

350 3435 774 3512 Imprdspecta
817 3442 992 3493 cavet
1030 3435 1292 3493 falcatae
1332 3434 1582 3491 vulnera
1619 3433 1806 3492 sicae.

356 3519 582 3581 Omnia
619 3536 774 3594 quae
815 3520 1080 3579 tenebris
1125 3526 1333 3594 erepta
1373 3518 1690 3578 silentibus
1729 3517 1872 3578 Orci
