2452 4186
1092 272 1229 334 139

255 435 464 521 Γέρων
508 434 755 520 δόμοισι
806 437 955 522 βοῦς
997 436 1344 519 ἀπένθητος
1390 436 1578 520 μένει.

254 518 463 605 Γέρων
504 520 768 604 πίθηκος
814 519 936 627 οὐχ
977 520 1293 586 ἁλίσκεται
1338 520 1571 606 βρόχῳ,

339 604 654 668 ἁλίσκεται
705 605 836 688 μὲν,
884 628 991 668 συν
1032 604 1242 691 χρόνῳ
1289 607 1348 669 δ’
1395 605 1728 670 ἁλίσκεται.

253 688 299 753 Γ
301 693 426 774 ηρᾷ
469 689 522 772 γ’
573 691 605 753 ὁ
657 690 824 775 βοῦς.
868 689 944 752 τὰ
991 691 1055 753 δ’
1106 688 1501 775 ἔργα,πολλὰ
1537 695 1645 754 τοῦ
1693 690 1862 775 βοός.

253 773 461 858 Γῆρας
505 772 756 842 λέοντος
798 778 1081 856 κρεῖσσον
1122 776 1402 858 ἀκμαίων
1446 776 1702 860 νεβρῶν.

252 856 510 921 Γλυκεῖ>
558 859 777 943 ὀπώρα
818 857 1093 943 φύλακος
1136 858 1586 927 ἐκλελοιπότος.

253 940 299 1005 Γ
303 946 553 1006 λῶσσαν
596 944 705 1026 μὲν
750 944 964 1027 ἀργὴν,
1011 948 1197 1027 χεῖρα
1240 945 1297 1007 δ>
1348 944 1581 1026 ἐργάτιν
1627 944 1822 1028 φέρω.

252 1025 478 1110 Γραῦς,
522 1025 704 1095 ἵππος
751 1031 858 1104 ὡς,
903 1027 1056 1097 ἕξεις
1096 1030 1479 1111 χαραδραῖον
1525 1028 1743 1111 τάφον.

253 1109 299 1174 Γ
306 1111 540 1195 ραφεὺς
575 1113 834 1195 ποιητής
873 1110 935 1174 τ’
986 1111 1107 1175 εἶσ’
1148 1113 1478 1176 ἀνεύθυνοι
1522 1111 1719 1194 μόνοι.

238 1194 473 1280 Γραφή
522 1219 588 1259 τε
629 1197 733 1259 καὶ
775 1199 1079 1269 Λευκαῖος
1121 1198 1192 1259 οὐ
1240 1196 1457 1261 ταύτὸν
1506 1196 1690 1278 λέγει.

254 1277 504 1342 Γυναικὶ
550 1281 633 1385 μῂ
678 1280 949 1357 πίστευε,
997 1283 1077 1365 μὴ
1130 1282 1184 1344 δ’
1237 1280 1307 1344 ἂν
1353 1279 1700 1364 ἀποθάνῃ.ἱ

253 1362 548 1432 Γυναικὸς
593 1387 766 1448 ομμα
807 1370 933 1434 τοῖς
976 1367 1323 1449 ἀκμάζουσι
1363 1364 1562 1450 βέλος.

250 1446 414 1533 Γυνὴ
460 1450 745 1532 γυναικὸς
788 1449 1010 1513 οὔποτ’
1062 1451 1244 1513 οὐδὲν
1293 1447 1595 1533 διαφέρει.

249 1530 412 1617 Γυνὴ
464 1533 533 1596 δὲ
575 1534 731 1597 πᾶσ’
782 1534 935 1617 αὐτή
981 1534 1123 1597 ’στιν
1172 1533 1467 1618 ἀρθέντος
1512 1533 1774 1618 λύχνων

249 1615 412 1701 Γυνὴ
464 1625 806 1703 στρατηγεῖ,
852 1620 956 1683 καὶ
992 1620 1141 1702 γυνὴ
1192 1618 1605 1702 στρατεύεται.

249 1701 520 1766 Δέδοικα
569 1705 778 1787 μωρὸν
822 1704 1015 1788 κάρτα
1058 1702 1415 1787 πυραύστου
1468 1700 1677 1785 μόρον.

248 1786 566 1851 Δείκνυσιν
617 1789 777 1872 ἀρχή
824 1789 880 1850 τ’
932 1789 1148 1873 ἄνδρα,
1191 1790 1298 1870 τήν
1343 1788 1399 1853 τ’
1449 1788 1644 1870 ἀργὴν
1680 1788 1867 1873 ἀνήρ.

247 1870 619 1957 Δειλότερος
664 1873 719 1934 εἰ
759 1878 868 1936 τοῦ
915 1873 1420 1957 παρακύπτοντος
1462 1858 1699 1955 ἀνέρος.

247 1955 469 2040 Δεινῆς
511 1957 777 2039 ἀνάγκης
819 1957 1000 2020 οὐδὲν
1045 1957 1246 2042 ἰσχύει
1283 1955 1494 2020 πλέον.

245 2041 456 2105 Δεινοὶ
502 2040 747 2124 πλέκειν
802 2065 896 2108 τοι
943 2040 1606 2127 μηχανὰςΑἰγύπτ-ιοι.

245 2127 554 2208 Δελφοῖσι
598 2126 795 2195 θύσας
840 2127 1023 2196 αὐτὸς
1069 2129 1308 2212 ὀψωνεῖ
1347 2124 1549 2210 κρέας.

244 2211 561 2298 Δέσποινα
607 2212 721 2316 γάρ
768 2211 1007 2295 γέροντι
1049 2213 1296 2298 νυμφίῳ
1344 2212 1515 2294 γυνή.

245 2296 399 2381 Δίκη
447 2296 616 2383 δίκην
661 2319 874 2372 ετικτε,
917 2299 1022 2360 καὶ
1065 2298 1262 2382 βλάβη
1313 2297 1564 2382 βλάβην.

244 2381 434 2463 Δίκην
480 2379 712 2464 ὑφέξει,
755 2379 865 2462 κᾷν
918 2380 1057 2449 ὄνος
1095 2383 1287 2463 δάκνῃ
1331 2380 1505 2442 κύνα.

244 2466 354 2533 Δὶς
405 2464 559 2528 ἑπτὰ
595 2468 860 2549 πληγαῖς
903 2465 1262 2531 πουλύπους
1300 2463 1691 2545 πιλούμενος.

243 2550 354 2617 Δὶς
398 2549 553 2632 πρὸς
585 2551 687 2612 τὸν
739 2549 947 2627 αὐτὸν,
994 2549 1271 2632 αἰσχρὸν,
1312 2546 1639 2630 εἰςκρούειν
1683 2547 1880 2611 λίθον.

244 2634 470 2701 Δοκεῖς
509 2632 579 2695 δέ
623 2656 729 2717 μοι
770 2636 874 2698 καὶ
915 2635 1134 2719 Λάβδα
1172 2632 1329 2696 κατὰ
1372 2633 1515 2701 τοὺς
1553 2632 1874 2716 Λεσβίους.

245 2719 491 2785 Δοῦλος
529 2719 648 2801 πρὸ
698 2719 953 2795 δούλου,
994 2717 1296 2801 δεσπότης
1337 2719 1455 2800 πρὸ
1499 2717 1820 2781 δεσπότου.

245 2803 550 2886 Δραχμῆς
589 2804 698 2886 μὲν
744 2804 945 2878 αὐλεῖ,
995 2804 1297 2888 τεττάρων
1348 2802 1420 2865 δὲ
1467 2802 1750 2870 παύεται.

245 2887 295 2950 Δ
340 2886 451 2954 υὸς
490 2888 804 2970 πεσούσης
839 2891 958 2955 πᾶς
998 2889 1151 2972 ἀνὴρ
1199 2887 1537 2957 Ευλεύετοιι.

239 2909 395 3037 ’ἐὰν
447 2968 509 3032 δ>
559 2970 803 3057 ἔχωμεν
844 2972 1132 3057 χρήμαθ’
1184 2973 1401 3056 ἕξομεν
1452 2972 1690 3056 φίλους.

238 3053 533 3139 Ἐγένετο
572 3057 676 3119 καὶ
705 3055 1042 3140 Μάνδρωνι
1089 3058 1327 3120 σύκινον
1383 3057 1638 3141 σκάφος.

239 3139 409 3223 Ἐγὼ
453 3143 739 3222 γυναικὸς
784 3142 966 3227 ὅρκον
1016 3143 1102 3210 εἰς
1145 3143 1313 3224 ὕδωρ
1351 3145 1594 3225 γράφω.

236 3223 410 3307 Ἐγὼ
456 3227 700 3310 ποιήσω
738 3227 937 3289 πάντα
980 3224 1621 3310 κατὰιΝικόστροιτον.

238 3308 384 3391 'Ex'
436 3306 573 3394 ᾦδοι
610 3311 712 3373 τὸν
756 3311 1011 3395 Σίμωνα
1053 3312 1158 3375 καὶ
1198 3309 1408 3392 Σίμων
1457 3309 1589 3394 ἐμέ.

238 3392 410 3477 Ἐγώ
450 3416 517 3457 τε
562 3396 664 3457 καὶ
713 3394 783 3458 σὺ
825 3398 927 3460 τὸν
976 3394 1160 3460 αὐτὸν
1206 3395 1467 3478 ἕλκομεν
1521 3391 1720 3476 ζυγόν.

243 3474 328 3544 Εἴ
363 3477 425 3542 δ’
476 3478 663 3557 ἄξιος,
711 3484 845 3559 παῖ,
889 3485 996 3564 τῆς
1043 3481 1104 3544 ἐν
1146 3480 1364 3565 ’Άργει
1409 3479 1683 3546 ἀσπίδος.
1720 3505 1723 3510 ·
