2452 4186
1063 320 1185 379 323

213 489 358 547 Teu.
450 490 822 548 Illiberalem
864 510 988 547 non
1031 489 1192 547 enim
1238 497 1427 546 artem
1473 507 1756 548 exerceo.

213 577 367 633 Men.
461 574 531 635 Si
578 583 813 633 scutum
858 575 1142 647 haberes,
1184 573 1485 650 gloriares
1534 575 1785 633 scilicet.

215 660 358 718 Teu.
453 659 852 736 congrediar,
897 661 1079 722 etiam
1122 659 1315 731 veles,
1362 667 1594 717 armato
1643 660 1770 717 tibi.

211 747 368 804 Men.
462 746 662 820 Quam
705 745 905 820 pascit
947 763 1120 802 acres
1167 744 1379 821 lingua
1422 745 1673 820 spiritus
1720 754 1843 803 tua.

213 831 361 888 Teu.
450 830 704 888 Fiducia
744 830 921 904 aequi
959 830 1177 888 tollere
1218 829 1455 887 animos
1497 829 1592 888 fas
1642 830 1808 887 mihi.
2046 833 2176 886 1125

213 917 368 973 Men.
459 916 582 973 Fas
622 934 842 991 nempe
885 922 944 971 et
980 915 1152 972 illum
1195 933 1293 972 me
1333 923 1651 991 perempto
1691 915 1936 973 vivere?

213 1001 361 1058 Teu.
455 1000 611 1058 Hui!
656 1000 1019 1076 perempto?
1063 1000 1216 1058 vivis
1261 1019 1404 1076 ergo
1444 1008 1734 1060 mortuus.

213 1087 368 1142 Men.
456 1086 557 1142 Me
600 1086 980 1161 sospitarunt
1014 1085 1294 1142 numina:
1336 1084 1474 1141 huic
1517 1104 1661 1144 vero
1703 1085 1915 1144 occidi.

212 1169 359 1227 Teu.
450 1169 589 1228 Dii-s
636 1170 971 1246 sospitatus
1025 1189 1169 1246 ergo
1220 1188 1297 1226 ne
1339 1177 1576 1228 temnas
1616 1169 1811 1229 Deo&

211 1256 369 1313 Men.
459 1255 648 1330 Egon'
689 1273 1003 1331 supremas
1047 1263 1380 1311 temnerem
1423 1255 1593 1332 leges
1639 1255 1885 1314 Deum?
2043 1260 2181 1314 1130

212 1339 364 1397 Teu.
457 1339 571 1411 Ita,
612 1340 665 1397 si
699 1348 936 1398 vetares
976 1348 1252 1398 mortuos
1296 1340 1666 1408 tumularier.

210 1426 372 1483 Men.
464 1426 640 1482 Meos
691 1433 830 1482 veto
877 1426 1084 1483 hostes
1125 1425 1292 1501 ipse:
1349 1443 1474 1481 non
1518 1426 1678 1481 enim
1726 1426 1998 1485 addecet.

212 1510 360 1568 Teu.
452 1510 732 1583 Unquam
772 1510 882 1567 tibi
919 1509 1084 1567 Aiax
1125 1518 1369 1586 pectore
1413 1510 1677 1569 advorso
1721 1512 2000 1571 obstitit?

208 1596 369 1653 Men.
459 1594 598 1652 Fuit
640 1595 838 1653 hostis
882 1595 1060 1666 hosti,
1108 1594 1272 1668 quod
1320 1594 1430 1652 tibi
1472 1602 1535 1652 et
1571 1614 1826 1671 gnarum
1864 1598 1997 1656 fuit.

210 1679 361 1738 Teu.
450 1678 613 1737 Nam
657 1698 831 1753 quem
880 1680 1091 1738 doloso
1135 1679 1430 1755 clepseris
1479 1680 1791 1758 suffragio.
2045 1686 2177 1741 1135

208 1767 369 1823 Men.
460 1764 634 1823 Haec
674 1766 1030 1822 arbitrorum
1071 1764 1200 1822 lata
1241 1764 1440 1840 culpa,
1488 1785 1613 1824 non
1658 1785 1813 1824 mea.

207 1851 361 1908 Teu.
451 1850 747 1924 Perplura
791 1850 1002 1907 fraude
1039 1850 1283 1908 frausus
1331 1868 1397 1907 es
1440 1850 1655 1909 volens
1701 1852 1883 1910 mala.

207 1937 370 1993 Men.
460 1935 734 1993 Alicuius
787 1936 1050 1992 animum
1095 1934 1313 2012 pungit
1347 1935 1498 1991 haec
1541 1937 1750 1995 oratio.

207 2021 360 2079 Teu.
450 2018 597 2077 Non
627 2028 771 2092 tam,
797 2029 864 2077 ut
889 2019 1143 2092 videtur,
1174 2039 1355 2096 quam
1373 2027 1437 2076 te
1464 2039 1577 2099 ego
1602 2041 1867 2101 pungam
1885 2040 2040 2080 mea.

208 2109 371 2166 Men.
459 2107 661 2166 Unum
699 2106 960 2180 eloquar.
991 2106 1379 2164 tumulandus
1402 2107 1499 2164 hic
1523 2108 1693 2166 nullo
1717 2110 1890 2167 modo
1923 2116 2179 2170 est.1140

211 2193 361 2250 Teu.
451 2191 613 2250 Audi
652 2191 925 2249 vicissim
967 2200 1028 2248 et
1054 2200 1119 2248 tu
1150 2191 1343 2249 istud.
1391 2192 1549 2249 hunc
1589 2195 2038 2253 tumulabimus.

212 2279 374 2335 Men.
463 2276 604 2333 Vidi
653 2276 1117 2349 tolutiloquente
1151 2274 1360 2350 lingua
1388 2277 1761 2371 praeditum,

211 2361 329 2435 Qui
370 2363 660 2438 navigare
700 2368 944 2419 suasset
985 2360 1208 2418 insano
1254 2359 1435 2428 mari3

210 2446 473 2523 Stupere
520 2445 798 2517 eundem,
837 2445 1079 2520 quando
1119 2451 1455 2519 tempestas
1502 2464 1636 2502 eum

213 2532 536 2603 Tul-haret,
579 2550 651 2589 ac
689 2550 829 2589 sese
870 2530 1208 2589 involutum
1256 2528 1463 2606 palliis
2045 2543 2177 2598 1145

211 2616 424 2676 Cuivis
470 2616 784 2674 terendum
827 2615 991 2673 calce
1033 2615 1257 2673 vectori
1306 2614 1468 2672 dare.

211 2701 337 2762 Sed
377 2711 458 2774 te,
500 2702 913 2778 impetumque
953 2701 1280 2759 incicurem
1318 2700 1564 2776 linguae
1611 2706 1774 2773 tuae,

209 2787 263 2846 E
296 2789 458 2845 nube
499 2806 688 2862 parva
734 2805 954 2863 magna
999 2794 1334 2863 tempestas
1383 2803 1566 2842 ruens

210 2871 596 2949 Restinguet‚
643 2879 703 2928 et
748 2871 1008 2928 clamore
1052 2879 1398 2946 compescet
1433 2870 1619 2946 gravi.

213 2957 365 3014 Teu.
447 2957 577 3033 Ego
622 2964 821 3014 autem
870 2956 1113 3014 inanem
1154 2964 1214 3014 et
1256 2974 1576 3033 perpetum
1620 2955 1746 3013 vidi
1782 2955 1997 3028 virum,
2045 2948 2179 3001 115⁰

214 3042 440 3101 Aliena
484 3050 730 3118 propter
764 3040 1231 3100 insolescentem
1278 3040 1458 3097 mala.

212 3128 415 3204 Quem
462 3145 595 3184 cum
640 3126 870 3184 videret
909 3127 1179 3184 moribus
1228 3126 1468 3200 quidam
1519 3124 1666 3181 mihi

153 3218 168 3231 ²
207 3213 551 3287 Formaque
597 3211 838 3283 similis,
873 3210 1098 3268 talibus
1141 3229 1437 3287 praesens
1485 3217 1713 3266 monet:

208 3298 449 3368 Amice,
498 3316 574 3354 ne
612 3297 709 3355 sis
756 3295 1010 3354 mortuis
1051 3295 1329 3353 iniurius.

208 3383 411 3440 Aliter
455 3389 658 3439 manet
700 3388 781 3454 te,
830 3399 929 3438 me
971 3380 1131 3452 vide,
1175 3380 1589 3439 infortunium.
2045 3377 2176 3431 1155

208 3467 362 3526 Istis
407 3468 699 3525 monebat
740 3466 963 3525 nullius
995 3465 1085 3523 rei
1119 3465 1330 3524 virum.

208 3550 375 3626 Quin
420 3550 597 3612 tueor
642 3551 833 3609 illum.
883 3571 1001 3609 non
1043 3551 1100 3610 is
1144 3550 1326 3622 alius,
1369 3557 1437 3607 ut
1476 3567 1636 3619 reor,

1504 3645 1634 3704 21*
