2452 4186
1066 348 1190 408 277

707 507 784 574 Εἰ
824 512 927 574 καὶ
970 512 1286 596 τηλοτέρω
1328 511 1596 594 Μερόης.
1856 517 2048 601 ζ(57)

229 600 318 659 Tu
359 599 504 657 lieet
541 599 797 658 ulterius
837 601 1090 659 Meroen
1134 602 1395 679 vestigia
1433 602 1616 678 figas:

304 685 460 742 Illuc
499 685 817 763 pinnigero
857 694 1065 744 vectus
1108 688 1338 745 Amore
1380 687 1557 744 ferar.

228 770 440 846 Tuque
480 777 656 845 petas
703 778 896 842 ortu3‚
933 789 1088 845 quos
1135 771 1428 830 concolor
1461 771 1652 829 inficit
1695 772 1842 843 Eos,

304 854 650 914 Immodicis
692 856 904 931 spatiis
952 856 1049 913 vel
1089 857 1279 932 pedes
1323 874 1514 930 usque
1556 874 1792 932 sequar.

226 937 355 997 Nee
397 939 599 998 minus
643 940 783 1013 hoc,
821 941 984 1015 quod
1037 940 1133 1012 de,
1177 941 1352 1000 nobis
1396 941 1640 1018 placare
1685 942 1916 999 marino

304 1026 589 1083 Munere:
635 1044 898 1102 namque
944 1025 1055 1084 tibi
1099 1027 1210 1084 hoe
1248 1026 1368 1084 fert
1414 1025 1622 1086 Venus
1659 1035 1791 1085 orta
1828 1027 2007 1085 mari:

225 1107 389 1182 Quae
431 1110 673 1181 abiecit,
716 1128 1106 1186 quaecunque
1149 1110 1264 1169 fuit
1304 1111 1525 1169 fiducia
1567 1113 1830 1171 formae:

302 1197 506 1269 Atque
550 1195 747 1254 nitore
787 1203 888 1252 tuo
935 1196 1038 1253 dat
1079 1197 1190 1254 tibi
1233 1196 1393 1254 victa
1437 1215 1672 1255 manus.

721 1357 1102 1443 Ὀφθαλμοὶ,
1148 1361 1251 1423 τέο
1301 1359 1531 1444 μέχρις.
1859 1364 2047 1444 ζ(58)

225 1448 376 1524 Quis
419 1448 654 1520 modus,
702 1468 737 1505 ο
786 1449 968 1521 oculi,
1014 1450 1273 1508 ducendi
1316 1457 1524 1507 nectar
1564 1451 1854 1507 Amorum

304 1531 461 1591 Cum
500 1533 734 1590 formae
777 1532 910 1592 sitis
965 1544 1058 1593 est
1094 1535 1266 1592 ebria
1305 1535 1455 1592 flore
1502 1534 1716 1592 mero?

223 1618 314 1678 Ah
334 1617 557 1694 'procul
580 1618 847 1693 aufugite
870 1619 1010 1676 hine
1030 1628 1315 1694 quantum
1338 1627 1501 1695 pote.
1523 1617 1776 1695 Cypridi
1799 1627 2045 1679 sanctae

304 1702 667 1778 Tranquillo
708 1703 930 1761 faciam
972 1705 1172 1761 sobria
1215 1723 1390 1763 saera
1428 1706 1598 1762 mari.

224 1787 326 1849 Sin
363 1787 490 1844 illic
532 1787 696 1844 furor
732 1788 808 1859 is,
857 1789 909 1847 si
953 1808 1049 1846 me
1092 1789 1257 1847 furor
1297 1790 1351 1847 is
1398 1797 1603 1846 manet
1641 1788 1788 1862 illie,

300 1872 675 1949 Perpetuum
715 1873 940 1930 madidi
980 1874 1220 1933 fletibus
1265 1882 1394 1933 este
1433 1873 1608 1946 meis,

224 1957 544 2018 Solventes
586 1975 821 2033 poenas
863 1960 1073 2016 merito
1112 1978 1223 2035 pro
1267 1959 1537 2031 erimine,
1590 1959 1833 2034 quando

304 2043 404 2104 Ob
443 2059 557 2102 vos
596 2043 659 2099 in
707 2050 938 2102 tantum
979 2045 1275 2104 crevimus
1314 2045 1472 2122 ignis
1514 2062 1687 2121 opus.

754 2207 1123 2292 Ἱππομένην
1171 2210 1496 2295 φιλέουσα.
1856 2213 2044 2293 ζ(59)

223 2294 673 2373 Hippomenem
704 2298 1020 2356 ardebam}
1053 2299 1115 2356 in
1141 2307 1413 2356 tenerum
1443 2317 1613 2356 mens
1642 2317 1823 2357 versa
1842 2298 2045 2357 Lean-

1536 2382 1706 2440 drum
1749 2390 1861 2441 est.

303 2467 377 2523 In
415 2464 606 2524 labris
653 2467 909 2524 haerens
948 2467 1098 2538 fixa,
1141 2466 1443 2538 Leandre‚
1495 2466 1637 2538 mie,

225 2552 536 2609 Xanthum
560 2559 760 2608 mente
787 2570 953 2628 gero·
998 2552 1311 2610 Xanthum
1341 2552 1663 2627 complexa
1684 2550 2044 2624 fovensque,

305 2635 747 2711 Hippomenem
790 2636 996 2694 reduci
1041 2636 1281 2714 perdita
1324 2636 1504 2695 corde
1547 2642 1709 2711 peto·

224 2719 619 2780 Praesentem
660 2721 842 2799 fugio·
895 2720 998 2782 Sic
1038 2722 1403 2779 alternantia
1446 2740 1687 2798 semper

304 2807 506 2880 Atque
545 2805 730 2863 alium
774 2814 953 2881 atque
998 2807 1181 2865 alium
1224 2808 1474 2865 brachia
1515 2813 1728 2866 nostra
1769 2806 1962 2864 virum

224 2888 426 2948 Ditem
451 2889 689 2948 inhiant
708 2891 1028 2949 Venerem.
1064 2891 1234 2965 Quod
1259 2893 1314 2950 si
1335 2912 1454 2967 qua
1478 2892 1626 2950 mihi
1647 2891 1856 2950 obiicit
1872 2890 2044 2962 illud,

305 2974 578 3033 Haereat
620 2976 772 3034 haee
817 2978 922 3035 uni
961 2997 1194 3053 pauper
1236 2977 1540 3055 inopsque
1590 2977 1741 3036 viro·

865 3139 951 3203 Τὸ
1001 3138 1195 3223 στόμα
1233 3144 1381 3209 ταῖς.
1854 3144 2044 3222 ζ(60)

225 3228 315 3288 Os
361 3228 674 3289 Charitum
713 3229 1040 3301 illecebris,
1080 3236 1143 3286 at
1185 3230 1449 3288 frontem
1493 3229 1744 3290 floribus
1795 3250 2000 3291 ornas,
2043 3238 2048 3243 ’

305 3314 627 3374 Exornant
667 3315 940 3373 Veneres
981 3313 1234 3386 lumina,
1280 3315 1505 3390 plectra
1549 3334 1812 3376 manum.

226 3398 548 3460 Praedaris
591 3401 761 3459 visus
809 3400 1026 3471 oculis,
1067 3398 1414 3459 accentibus
1458 3418 1665 3472 aures;

305 3484 577 3544 Venatur
616 3486 866 3544 iuvenes
910 3503 1054 3563 pars
1097 3492 1518 3561 quotacunque
1557 3486 1689 3545 tui?
