<?xml version="1.0" encoding="UTF-8"?>
<!DOCTYPE html PUBLIC "-//W3C//DTD XHTML 1.0 Transitional//EN"
    "http://www.w3.org/TR/xhtml1/DTD/xhtml1-transitional.dtd">
<html xmlns="http://www.w3.org/1999/xhtml" xml:lang="en" lang="en">
 <head>
  <title>
</title>
<meta http-equiv="Content-Type" content="text/html;charset=utf-8" />
  <meta name='ocr-system' content='tesseract 3.04.00' />
  <meta name='ocr-capabilities' content='ocr_page ocr_carea ocr_par ocr_line ocrx_word'/>
</head>
<body>
  <div class='ocr_page' id='page_1' title='image "./iosephiscaliger02scalgoog/iosephiscaliger02scalgoog_0296.png"; bbox 0 0 2452 4186; ppageno 0'>
   <div class='ocr_carea' id='block_1_1' title="bbox 1255 316 1376 375">
    <p class='ocr_par' dir='ltr' id='par_1_1' title="bbox 1255 316 1376 375">
     <span class='ocr_line' id='line_1_1' title="bbox 1255 316 1376 375; baseline -0.008 0"><span class='ocrx_word' id='word_1_1' title='bbox 1255 316 1376 375; x_wconf 81' lang='lat'><strong>294</strong></span> 
     </span>
    </p>
   </div>
   <div class='ocr_carea' id='block_1_2' title="bbox 1167 402 1470 409">
    <p class='ocr_par' dir='ltr' id='par_1_2' title="bbox 1167 402 1470 409">
     <span class='ocr_line' id='line_1_2' title="bbox 1167 402 1470 409; baseline 0 0"><span class='ocrx_word' id='word_1_2' title='bbox 1167 402 1470 409; x_wconf 95' lang='lat' dir='ltr'><strong> </strong></span> 
     </span>
    </p>
   </div>
   <div class='ocr_carea' id='block_1_3' title="bbox 269 483 2239 3619">
    <p class='ocr_par' dir='ltr' id='par_1_3' title="bbox 269 483 2239 3619">
     <span class='ocr_line' id='line_1_3' title="bbox 401 483 1972 560; baseline -0.001 -13"><span class='ocrx_word' id='word_1_3' title='bbox 401 484 580 547; x_wconf 80' lang='lat' dir='ltr'><strong>Aiax.</strong></span> <span class='ocrx_word' id='word_1_4' title='bbox 664 483 847 546; x_wconf 86' lang='lat' dir='ltr'><strong>Salve</strong></span> <span class='ocrx_word' id='word_1_5' title='bbox 885 483 1179 558; x_wconf 83' lang='lat' dir='ltr'><strong>Minerva,</strong></span> <span class='ocrx_word' id='word_1_6' title='bbox 1230 485 1500 544; x_wconf 78' lang='lat' dir='ltr'><strong>maxumi</strong></span> <span class='ocrx_word' id='word_1_7' title='bbox 1534 485 1739 560; x_wconf 89' lang='lat' dir='ltr'><strong>proles</strong></span> <span class='ocrx_word' id='word_1_8' title='bbox 1778 486 1972 560; x_wconf 79' lang='lat' dir='ltr'><strong>Iovis,</strong></span> 
     </span>
     <span class='ocr_line' id='line_1_4' title="bbox 402 569 1826 648; baseline 0.001 -20"><span class='ocrx_word' id='word_1_9' title='bbox 402 570 574 628; x_wconf 88' lang='lat' dir='ltr'><strong>Bene</strong></span> <span class='ocrx_word' id='word_1_10' title='bbox 612 571 783 641; x_wconf 74' lang='lat' dir='ltr'><strong>adeS‚</strong></span> <span class='ocrx_word' id='word_1_11' title='bbox 830 576 890 626; x_wconf 90' lang='lat' dir='ltr'><strong>et</strong></span> <span class='ocrx_word' id='word_1_12' title='bbox 935 577 1294 645; x_wconf 90' lang='lat' dir='ltr'><strong>opportuna.</strong></span> <span class='ocrx_word' id='word_1_13' title='bbox 1342 578 1403 628; x_wconf 90' lang='lat' dir='ltr'><strong>te</strong></span> <span class='ocrx_word' id='word_1_14' title='bbox 1450 569 1667 645; x_wconf 89' lang='lat' dir='ltr'><strong>spoliis</strong></span> <span class='ocrx_word' id='word_1_15' title='bbox 1713 589 1826 648; x_wconf 85' lang='lat' dir='ltr'><strong>ego</strong></span> 
     </span>
     <span class='ocr_line' id='line_1_5' title="bbox 403 654 2107 733; baseline 0.001 -20"><span class='ocrx_word' id='word_1_16' title='bbox 403 658 686 714; x_wconf 88' lang='lat' dir='ltr'><strong>Mactabo</strong></span> <span class='ocrx_word' id='word_1_17' title='bbox 735 654 978 730; x_wconf 87' lang='lat' dir='ltr'><strong>opimis,</strong></span> <span class='ocrx_word' id='word_1_18' title='bbox 1023 664 1274 733; x_wconf 88' lang='lat' dir='ltr'><strong>propter</strong></span> <span class='ocrx_word' id='word_1_19' title='bbox 1316 656 1472 714; x_wconf 88' lang='lat' dir='ltr'><strong>hanc</strong></span> <span class='ocrx_word' id='word_1_20' title='bbox 1510 655 1800 731; x_wconf 86' lang='lat' dir='ltr'><strong>praedam</strong></span> <span class='ocrx_word' id='word_1_21' title='bbox 1843 656 2107 730; x_wconf 84' lang='lat' dir='ltr'><strong>quidem.</strong></span> 
     </span>
     <span class='ocr_line' id='line_1_6' title="bbox 282 739 1984 818; baseline -0.001 -19"><span class='ocrx_word' id='word_1_22' title='bbox 282 788 285 791; x_wconf 15' lang='grc' dir='ltr'>Ἴ</span> <span class='ocrx_word' id='word_1_23' title='bbox 403 741 511 799; x_wconf 88' lang='lat' dir='ltr'><strong>Mi.</strong></span> <span class='ocrx_word' id='word_1_24' title='bbox 603 739 803 816; x_wconf 86' lang='lat' dir='ltr'><strong>Sapis.</strong></span> <span class='ocrx_word' id='word_1_25' title='bbox 852 739 961 797; x_wconf 89' lang='lat' dir='ltr'><strong>sed</strong></span> <span class='ocrx_word' id='word_1_26' title='bbox 1003 739 1153 797; x_wconf 88' lang='lat' dir='ltr'><strong>illud</strong></span> <span class='ocrx_word' id='word_1_27' title='bbox 1197 740 1356 817; x_wconf 91' lang='lat' dir='ltr'><strong>quod</strong></span> <span class='ocrx_word' id='word_1_28' title='bbox 1396 760 1566 818; x_wconf 65' lang='lat' dir='ltr'><strong>roga,</strong></span> <span class='ocrx_word' id='word_1_29' title='bbox 1603 759 1785 799; x_wconf 85' lang='lat' dir='ltr'><strong>narra.</strong></span> <span class='ocrx_word' id='word_1_30' title='bbox 1819 741 1984 798; x_wconf 86' lang='lat' dir='ltr'><strong>mihi.</strong></span> 
     </span>
     <span class='ocr_line' id='line_1_7' title="bbox 301 814 1847 903; baseline -0.001 -19"><span class='ocrx_word' id='word_1_31' title='bbox 301 814 370 871; x_wconf 83' lang='lat'><strong>95</strong></span> <span class='ocrx_word' id='word_1_32' title='bbox 406 825 668 885; x_wconf 80' lang='lat' dir='ltr'><strong>Hastam</strong></span> <span class='ocrx_word' id='word_1_33' title='bbox 714 824 984 883; x_wconf 81' lang='lat' dir='ltr'><strong>imbuisti</strong></span> <span class='ocrx_word' id='word_1_34' title='bbox 1030 827 1328 903; x_wconf 88' lang='lat' dir='ltr'><strong>sanguine</strong></span> <span class='ocrx_word' id='word_1_35' title='bbox 1367 826 1597 903; x_wconf 86' lang='lat' dir='ltr'><strong>Argivo</strong></span> <span class='ocrx_word' id='word_1_36' title='bbox 1640 825 1847 883; x_wconf 79' lang='lat' dir='ltr'><strong>tuam?</strong></span> 
     </span>
     <span class='ocr_line' id='line_1_8' title="bbox 405 909 2025 987; baseline -0.002 -17"><span class='ocrx_word' id='word_1_37' title='bbox 405 913 502 972; x_wconf 85' lang='lat' dir='ltr'><strong>Ai.</strong></span> <span class='ocrx_word' id='word_1_38' title='bbox 599 912 681 969; x_wconf 87' lang='lat' dir='ltr'><strong>Et</strong></span> <span class='ocrx_word' id='word_1_39' title='bbox 722 909 971 987; x_wconf 88' lang='lat' dir='ltr'><strong>gloriari</strong></span> <span class='ocrx_word' id='word_1_40' title='bbox 1015 909 1112 969; x_wconf 86' lang='lat' dir='ltr'><strong>fas</strong></span> <span class='ocrx_word' id='word_1_41' title='bbox 1162 912 1312 968; x_wconf 90' lang='lat' dir='ltr'><strong>mihi</strong></span> <span class='ocrx_word' id='word_1_42' title='bbox 1355 918 1470 983; x_wconf 86' lang='lat' dir='ltr'><strong>est,</strong></span> <span class='ocrx_word' id='word_1_43' title='bbox 1514 919 1574 967; x_wconf 91' lang='lat' dir='ltr'><strong>et</strong></span> <span class='ocrx_word' id='word_1_44' title='bbox 1616 930 1742 968; x_wconf 91' lang='lat' dir='ltr'><strong>non</strong></span> <span class='ocrx_word' id='word_1_45' title='bbox 1791 929 2025 986; x_wconf 85' lang='lat' dir='ltr'><strong>negem.</strong></span> 
     </span>
     <span class='ocr_line' id='line_1_9' title="bbox 402 995 2238 1073; baseline 0 -18"><span class='ocrx_word' id='word_1_46' title='bbox 402 997 510 1055; x_wconf 89' lang='lat' dir='ltr'><strong>Mi.</strong></span> <span class='ocrx_word' id='word_1_47' title='bbox 595 996 934 1058; x_wconf 84' lang='lat' dir='ltr'><strong>Advorsum</strong></span> <span class='ocrx_word' id='word_1_48' title='bbox 980 995 1226 1054; x_wconf 84' lang='lat' dir='ltr'><strong>Atridas</strong></span> <span class='ocrx_word' id='word_1_49' title='bbox 1273 1014 1493 1073; x_wconf 87' lang='lat' dir='ltr'><strong>nempe</strong></span> <span class='ocrx_word' id='word_1_50' title='bbox 1538 995 1782 1055; x_wconf 88' lang='lat' dir='ltr'><strong>molitus</strong></span> <span class='ocrx_word' id='word_1_51' title='bbox 1832 1014 2079 1054; x_wconf 86' lang='lat' dir='ltr'><strong>manum</strong></span> <span class='ocrx_word' id='word_1_52' title='bbox 2107 997 2238 1057; x_wconf 79' lang='lat' dir='ltr'><strong>es?</strong></span> 
     </span>
     <span class='ocr_line' id='line_1_10' title="bbox 403 1078 1801 1157; baseline -0.003 -16"><span class='ocrx_word' id='word_1_53' title='bbox 403 1083 502 1141; x_wconf 86' lang='lat' dir='ltr'><strong>Ai.</strong></span> <span class='ocrx_word' id='word_1_54' title='bbox 594 1079 736 1139; x_wconf 87' lang='lat' dir='ltr'><strong>Non</strong></span> <span class='ocrx_word' id='word_1_55' title='bbox 777 1080 884 1136; x_wconf 90' lang='lat' dir='ltr'><strong>fiat</strong></span> <span class='ocrx_word' id='word_1_56' title='bbox 919 1078 1043 1138; x_wconf 88' lang='lat' dir='ltr'><strong>illis</strong></span> <span class='ocrx_word' id='word_1_57' title='bbox 1088 1080 1266 1139; x_wconf 90' lang='lat' dir='ltr'><strong>ludus</strong></span> <span class='ocrx_word' id='word_1_58' title='bbox 1313 1081 1477 1138; x_wconf 86' lang='lat' dir='ltr'><strong>Aiax</strong></span> <span class='ocrx_word' id='word_1_59' title='bbox 1521 1079 1801 1157; x_wconf 91' lang='lat' dir='ltr'><strong>amplius.</strong></span> 
     </span>
     <span class='ocr_line' id='line_1_11' title="bbox 402 1165 1972 1239; baseline -0.003 -14"><span class='ocrx_word' id='word_1_60' title='bbox 402 1167 506 1226; x_wconf 89' lang='lat' dir='ltr'><strong>Mi.</strong></span> <span class='ocrx_word' id='word_1_61' title='bbox 592 1167 809 1223; x_wconf 92' lang='lat' dir='ltr'><strong>Actum</strong></span> <span class='ocrx_word' id='word_1_62' title='bbox 857 1171 969 1235; x_wconf 79' lang='lat' dir='ltr'><strong>est,</strong></span> <span class='ocrx_word' id='word_1_63' title='bbox 1014 1172 1079 1222; x_wconf 92' lang='lat' dir='ltr'><strong>ut</strong></span> <span class='ocrx_word' id='word_1_64' title='bbox 1125 1166 1357 1239; x_wconf 75' lang='lat' dir='ltr'><strong>inquisz</strong></span> <span class='ocrx_word' id='word_1_65' title='bbox 1403 1166 1751 1223; x_wconf 85' lang='lat' dir='ltr'><strong>occiderunt</strong></span> <span class='ocrx_word' id='word_1_66' title='bbox 1788 1165 1972 1223; x_wconf 86' lang='lat' dir='ltr'><strong>ilicet.</strong></span> 
     </span>
     <span class='ocr_line' id='line_1_12' title="bbox 271 1245 1964 1310; baseline -0.002 0"><span class='ocrx_word' id='word_1_67' title='bbox 271 1245 370 1299; x_wconf 90' lang='grc'><strong>100</strong></span> <span class='ocrx_word' id='word_1_68' title='bbox 403 1252 502 1310; x_wconf 86' lang='lat' dir='ltr'><strong>Ai.</strong></span> <span class='ocrx_word' id='word_1_69' title='bbox 600 1250 782 1309; x_wconf 87' lang='lat' dir='ltr'><strong>Nunc</strong></span> <span class='ocrx_word' id='word_1_70' title='bbox 823 1249 1101 1307; x_wconf 85' lang='lat' dir='ltr'><strong>auferant</strong></span> <span class='ocrx_word' id='word_1_71' title='bbox 1145 1251 1292 1308; x_wconf 90' lang='lat' dir='ltr'><strong>mihi</strong></span> <span class='ocrx_word' id='word_1_72' title='bbox 1327 1269 1505 1308; x_wconf 43' lang='lat' dir='ltr'><strong>‘arma</strong></span> <span class='ocrx_word' id='word_1_73' title='bbox 1543 1250 1764 1309; x_wconf 91' lang='lat' dir='ltr'><strong>mortui</strong></span> <span class='ocrx_word' id='word_1_74' title='bbox 1808 1268 1964 1307; x_wconf 87' lang='lat' dir='ltr'><strong>mea.</strong></span> 
     </span>
     <span class='ocr_line' id='line_1_13' title="bbox 401 1330 1927 1410; baseline -0.001 -16"><span class='ocrx_word' id='word_1_75' title='bbox 401 1337 508 1395; x_wconf 89' lang='lat' dir='ltr'><strong>Mi.</strong></span> <span class='ocrx_word' id='word_1_76' title='bbox 598 1334 757 1408; x_wconf 82' lang='lat' dir='ltr'><strong>Quid</strong></span> <span class='ocrx_word' id='word_1_77' title='bbox 800 1353 945 1392; x_wconf 89' lang='lat' dir='ltr'><strong>vero</strong></span> <span class='ocrx_word' id='word_1_78' title='bbox 991 1330 1249 1410; x_wconf 83' lang='lat' dir='ltr'><strong>Ulysses</strong></span> <span class='ocrx_word' id='word_1_79' title='bbox 1291 1335 1397 1393; x_wconf 91' lang='lat' dir='ltr'><strong>ille</strong></span> <span class='ocrx_word' id='word_1_80' title='bbox 1439 1336 1666 1393; x_wconf 88' lang='lat' dir='ltr'><strong>Laerta</strong></span> <span class='ocrx_word' id='word_1_81' title='bbox 1713 1334 1927 1394; x_wconf 80' lang='lat' dir='ltr'><strong>satus?</strong></span> 
     </span>
     <span class='ocr_line' id='line_1_14' title="bbox 404 1418 2110 1496; baseline -0.001 -18"><span class='ocrx_word' id='word_1_82' title='bbox 404 1419 535 1493; x_wconf 93' lang='lat' dir='ltr'><strong>Quo</strong></span> <span class='ocrx_word' id='word_1_83' title='bbox 578 1438 679 1478; x_wconf 89' lang='lat' dir='ltr'><strong>res</strong></span> <span class='ocrx_word' id='word_1_84' title='bbox 723 1419 863 1477; x_wconf 94' lang='lat' dir='ltr'><strong>loco</strong></span> <span class='ocrx_word' id='word_1_85' title='bbox 904 1418 995 1475; x_wconf 89' lang='lat' dir='ltr'><strong>illi</strong></span> <span class='ocrx_word' id='word_1_86' title='bbox 1041 1419 1177 1478; x_wconf 80' lang='lat' dir='ltr'><strong>est?</strong></span> <span class='ocrx_word' id='word_1_87' title='bbox 1235 1438 1313 1478; x_wconf 90' lang='lat' dir='ltr'><strong>an</strong></span> <span class='ocrx_word' id='word_1_88' title='bbox 1358 1428 1521 1477; x_wconf 88' lang='lat' dir='ltr'><strong>tuam</strong></span> <span class='ocrx_word' id='word_1_89' title='bbox 1571 1420 1781 1496; x_wconf 88' lang='lat' dir='ltr'><strong>effugit</strong></span> <span class='ocrx_word' id='word_1_90' title='bbox 1823 1420 2110 1477; x_wconf 80' lang='lat' dir='ltr'><strong>manum?</strong></span> 
     </span>
     <span class='ocr_line' id='line_1_15' title="bbox 402 1494 2064 1582; baseline -0.002 -16"><span class='ocrx_word' id='word_1_91' title='bbox 402 1506 503 1566; x_wconf 90' lang='lat' dir='ltr'><strong>Ai.</strong></span> <span class='ocrx_word' id='word_1_92' title='bbox 602 1502 931 1564; x_wconf 87' lang='lat' dir='ltr'><strong>Sacramne</strong></span> <span class='ocrx_word' id='word_1_93' title='bbox 977 1494 1377 1581; x_wconf 60' lang='lat' dir='ltr'><strong>volpem&#39;quo</strong></span> <span class='ocrx_word' id='word_1_94' title='bbox 1422 1504 1502 1563; x_wconf 85' lang='lat' dir='ltr'><strong>sit</strong></span> <span class='ocrx_word' id='word_1_95' title='bbox 1534 1504 1599 1561; x_wconf 89' lang='lat' dir='ltr'><strong>in</strong></span> <span class='ocrx_word' id='word_1_96' title='bbox 1640 1512 1800 1564; x_wconf 88' lang='lat' dir='ltr'><strong>statu</strong></span> <span class='ocrx_word' id='word_1_97' title='bbox 1840 1505 2064 1582; x_wconf 76' lang='lat' dir='ltr'><strong>rogas?</strong></span> 
     </span>
     <span class='ocr_line' id='line_1_16' title="bbox 401 1589 2236 1667; baseline 0.001 -20"><span class='ocrx_word' id='word_1_98' title='bbox 401 1591 508 1647; x_wconf 89' lang='lat' dir='ltr'><strong>Mi.</strong></span> <span class='ocrx_word' id='word_1_99' title='bbox 595 1589 826 1666; x_wconf 76' lang='lat' dir='ltr'><strong>Ipsum,</strong></span> <span class='ocrx_word' id='word_1_100' title='bbox 840 1589 1105 1663; x_wconf 84' lang='lat' dir='ltr'><strong>inquam,</strong></span> <span class='ocrx_word' id='word_1_101' title='bbox 1123 1589 1412 1666; x_wconf 89' lang='lat' dir='ltr'><strong>Ulyssem</strong></span> <span class='ocrx_word' id='word_1_102' title='bbox 1428 1589 1585 1646; x_wconf 86' lang='lat' dir='ltr'><strong>m‘ale</strong></span> <span class='ocrx_word' id='word_1_103' title='bbox 1605 1589 1715 1647; x_wconf 93' lang='lat' dir='ltr'><strong>tibi</strong></span> <span class='ocrx_word' id='word_1_104' title='bbox 1730 1589 2015 1648; x_wconf 87' lang='lat' dir='ltr'><strong>infestum</strong></span> <span class='ocrx_word' id='word_1_105' title='bbox 2031 1597 2236 1667; x_wconf 89' lang='lat' dir='ltr'><strong>caput.</strong></span> 
     </span>
     <span class='ocr_line' id='line_1_17' title="bbox 271 1672 1971 1750; baseline -0.001 -17"><span class='ocrx_word' id='word_1_106' title='bbox 271 1672 373 1726; x_wconf 86' lang='lat'><strong>105</strong></span> <span class='ocrx_word' id='word_1_107' title='bbox 406 1675 507 1733; x_wconf 90' lang='lat' dir='ltr'><strong>Ai.</strong></span> <span class='ocrx_word' id='word_1_108' title='bbox 609 1673 1040 1734; x_wconf 85' lang='lat' dir='ltr'><strong>Gratissimum</strong></span> <span class='ocrx_word' id='word_1_109' title='bbox 1081 1675 1241 1732; x_wconf 91' lang='lat' dir='ltr'><strong>intus</strong></span> <span class='ocrx_word' id='word_1_110' title='bbox 1292 1674 1523 1733; x_wconf 87' lang='lat' dir='ltr'><strong>assidet</strong></span> <span class='ocrx_word' id='word_1_111' title='bbox 1561 1674 1971 1750; x_wconf 84' lang='lat' dir='ltr'><strong>spectaculum</strong></span> 
     </span>
     <span class='ocr_line' id='line_1_18' title="bbox 407 1758 1924 1835; baseline -0.002 -17"><span class='ocrx_word' id='word_1_112' title='bbox 407 1758 722 1835; x_wconf 83' lang='lat' dir='ltr'><strong>Captivus,</strong></span> <span class='ocrx_word' id='word_1_113' title='bbox 769 1759 971 1835; x_wconf 89' lang='lat' dir='ltr'><strong>ipsum</strong></span> <span class='ocrx_word' id='word_1_114' title='bbox 1020 1760 1182 1834; x_wconf 91' lang='lat' dir='ltr'><strong>quod</strong></span> <span class='ocrx_word' id='word_1_115' title='bbox 1222 1760 1380 1818; x_wconf 91' lang='lat' dir='ltr'><strong>mori</strong></span> <span class='ocrx_word' id='word_1_116' title='bbox 1420 1759 1682 1817; x_wconf 91' lang='lat' dir='ltr'><strong>nondum</strong></span> <span class='ocrx_word' id='word_1_117' title='bbox 1722 1759 1924 1817; x_wconf 87' lang='lat' dir='ltr'><strong>velim.</strong></span> 
     </span>
     <span class='ocr_line' id='line_1_19' title="bbox 400 1842 2239 1921; baseline 0 -19"><span class='ocrx_word' id='word_1_118' title='bbox 400 1846 507 1903; x_wconf 92' lang='lat' dir='ltr'><strong>Mi.</strong></span> <span class='ocrx_word' id='word_1_119' title='bbox 595 1842 895 1916; x_wconf 81' lang='lat' dir='ltr'><strong>Quidnam</strong></span> <span class='ocrx_word' id='word_1_120' title='bbox 909 1844 1265 1920; x_wconf 88' lang='lat' dir='ltr'><strong>priusquam</strong></span> <span class='ocrx_word' id='word_1_121' title='bbox 1286 1845 1657 1921; x_wconf 81' lang='lat' dir='ltr'><strong>aggredere?</strong></span> <span class='ocrx_word' id='word_1_122' title='bbox 1684 1844 2027 1920; x_wconf 82' lang='lat' dir='ltr'><strong>quidfacies</strong></span> <span class='ocrx_word' id='word_1_123' title='bbox 2039 1844 2239 1902; x_wconf 79' lang='lat' dir='ltr'><strong>lucri?</strong></span> 
     </span>
     <span class='ocr_line' id='line_1_20' title="bbox 402 1928 2196 2003; baseline 0.001 -15"><span class='ocrx_word' id='word_1_124' title='bbox 402 1930 501 1988; x_wconf 85' lang='lat' dir='ltr'><strong>Ai.</strong></span> <span class='ocrx_word' id='word_1_125' title='bbox 598 1928 962 2003; x_wconf 90' lang='lat' dir='ltr'><strong>Priusquam</strong></span> <span class='ocrx_word' id='word_1_126' title='bbox 1008 1930 1086 1985; x_wconf 87' lang='lat' dir='ltr'><strong>ad</strong></span> <span class='ocrx_word' id='word_1_127' title='bbox 1124 1929 1283 1987; x_wconf 90' lang='lat' dir='ltr'><strong>altae</strong></span> <span class='ocrx_word' id='word_1_128' title='bbox 1327 1929 1601 1987; x_wconf 90' lang='lat' dir='ltr'><strong>columen</strong></span> <span class='ocrx_word' id='word_1_129' title='bbox 1643 1930 1912 1987; x_wconf 89' lang='lat' dir='ltr'><strong>evinctus</strong></span> <span class='ocrx_word' id='word_1_130' title='bbox 1956 1930 2196 2002; x_wconf 74' lang='lat' dir='ltr'><strong>domne,</strong></span> 
     </span>
     <span class='ocr_line' id='line_1_21' title="bbox 403 2012 2067 2090; baseline 0.001 -19"><span class='ocrx_word' id='word_1_131' title='bbox 403 2015 507 2072; x_wconf 89' lang='lat' dir='ltr'><strong>Mi.</strong></span> <span class='ocrx_word' id='word_1_132' title='bbox 598 2012 921 2085; x_wconf 80' lang='lat' dir='ltr'><strong>Quodnam</strong></span> <span class='ocrx_word' id='word_1_133' title='bbox 964 2014 1201 2072; x_wconf 88' lang='lat' dir='ltr'><strong>misello</strong></span> <span class='ocrx_word' id='word_1_134' title='bbox 1247 2015 1476 2090; x_wconf 86' lang='lat' dir='ltr'><strong>grande</strong></span> <span class='ocrx_word' id='word_1_135' title='bbox 1519 2014 1753 2072; x_wconf 90' lang='lat' dir='ltr'><strong>moliris</strong></span> <span class='ocrx_word' id='word_1_136' title='bbox 1799 2014 2067 2072; x_wconf 75' lang='lat' dir='ltr'><strong>malum?</strong></span> 
     </span>
     <span class='ocr_line' id='line_1_22' title="bbox 269 2085 1973 2176; baseline 0 -19"><span class='ocrx_word' id='word_1_137' title='bbox 269 2099 372 2152; x_wconf 80' lang='lat'><strong>1¹0</strong></span> <span class='ocrx_word' id='word_1_138' title='bbox 403 2100 502 2157; x_wconf 87' lang='lat' dir='ltr'><strong>Ai.</strong></span> <span class='ocrx_word' id='word_1_139' title='bbox 603 2096 836 2157; x_wconf 79' lang='lat' dir='ltr'><strong>caesus</strong></span> <span class='ocrx_word' id='word_1_140' title='bbox 882 2085 1142 2176; x_wconf 53' lang='lat' dir='ltr'><strong>flagellis</strong></span> <span class='ocrx_word' id='word_1_141' title='bbox 1193 2100 1359 2157; x_wconf 78' lang='lat' dir='ltr'><strong>efflet</strong></span> <span class='ocrx_word' id='word_1_142' title='bbox 1396 2101 1659 2157; x_wconf 77' lang='lat' dir='ltr'><strong>animam</strong></span> <span class='ocrx_word' id='word_1_143' title='bbox 1698 2100 1973 2175; x_wconf 86' lang='lat' dir='ltr'><strong>denique.</strong></span> 
     </span>
     <span class='ocr_line' id='line_1_23' title="bbox 402 2181 2234 2261; baseline 0.001 -19"><span class='ocrx_word' id='word_1_144' title='bbox 402 2184 509 2242; x_wconf 91' lang='lat' dir='ltr'><strong>Mi.</strong></span> <span class='ocrx_word' id='word_1_145' title='bbox 596 2181 697 2244; x_wconf 84' lang='lat' dir='ltr'><strong>Ne</strong></span> <span class='ocrx_word' id='word_1_146' title='bbox 737 2184 1046 2257; x_wconf 88' lang='lat' dir='ltr'><strong>miserum,</strong></span> <span class='ocrx_word' id='word_1_147' title='bbox 1075 2185 1316 2256; x_wconf 85' lang='lat' dir='ltr'><strong>amab0‚</strong></span> <span class='ocrx_word' id='word_1_148' title='bbox 1358 2204 1435 2243; x_wconf 88' lang='lat' dir='ltr'><strong>ne</strong></span> <span class='ocrx_word' id='word_1_149' title='bbox 1466 2186 1622 2243; x_wconf 89' lang='lat' dir='ltr'><strong>hunc</strong></span> <span class='ocrx_word' id='word_1_150' title='bbox 1645 2186 1732 2242; x_wconf 88' lang='lat' dir='ltr'><strong>ita</strong></span> <span class='ocrx_word' id='word_1_151' title='bbox 1760 2186 2026 2261; x_wconf 80' lang='lat' dir='ltr'><strong>a‘ccipias</strong></span> <span class='ocrx_word' id='word_1_152' title='bbox 2051 2185 2234 2243; x_wconf 91' lang='lat' dir='ltr'><strong>male.</strong></span> 
     </span>
     <span class='ocr_line' id='line_1_24' title="bbox 402 2266 1946 2345; baseline -0.001 -15"><span class='ocrx_word' id='word_1_153' title='bbox 402 2270 503 2330; x_wconf 89' lang='lat' dir='ltr'><strong>Ai.</strong></span> <span class='ocrx_word' id='word_1_154' title='bbox 604 2266 866 2345; x_wconf 90' lang='lat' dir='ltr'><strong>Sperare</strong></span> <span class='ocrx_word' id='word_1_155' title='bbox 910 2270 973 2326; x_wconf 92' lang='lat' dir='ltr'><strong>in</strong></span> <span class='ocrx_word' id='word_1_156' title='bbox 1018 2269 1178 2342; x_wconf 79' lang='lat' dir='ltr'><strong>aliis,</strong></span> <span class='ocrx_word' id='word_1_157' title='bbox 1220 2269 1401 2342; x_wconf 81' lang='lat' dir='ltr'><strong>Diva,</strong></span> <span class='ocrx_word' id='word_1_158' title='bbox 1447 2277 1506 2327; x_wconf 92' lang='lat' dir='ltr'><strong>te</strong></span> <span class='ocrx_word' id='word_1_159' title='bbox 1550 2271 1728 2328; x_wconf 89' lang='lat' dir='ltr'><strong>iubeo</strong></span> <span class='ocrx_word' id='word_1_160' title='bbox 1771 2271 1946 2329; x_wconf 90' lang='lat' dir='ltr'><strong>bene.</strong></span> 
     </span>
     <span class='ocr_line' id='line_1_25' title="bbox 404 2352 2163 2431; baseline -0.002 -16"><span class='ocrx_word' id='word_1_161' title='bbox 404 2352 785 2431; x_wconf 85' lang='lat' dir='ltr'><strong>Supplicium</strong></span> <span class='ocrx_word' id='word_1_162' title='bbox 823 2355 903 2412; x_wconf 88' lang='lat' dir='ltr'><strong>ad</strong></span> <span class='ocrx_word' id='word_1_163' title='bbox 941 2355 1123 2414; x_wconf 83' lang='lat' dir='ltr'><strong>istum</strong></span> <span class='ocrx_word' id='word_1_164' title='bbox 1165 2356 1244 2427; x_wconf 73' lang='grc' dir='ltr'><strong>ἰε,</strong></span> <span class='ocrx_word' id='word_1_165' title='bbox 1284 2373 1397 2412; x_wconf 87' lang='lat' dir='ltr'><strong>nec</strong></span> <span class='ocrx_word' id='word_1_166' title='bbox 1437 2373 1635 2427; x_wconf 81' lang='lat' dir='ltr'><strong>secus,</strong></span> <span class='ocrx_word' id='word_1_167' title='bbox 1685 2355 1851 2413; x_wconf 88' lang='lat' dir='ltr'><strong>dabit</strong></span> <span class='ocrx_word' id='word_1_168' title='bbox 1893 2354 2163 2412; x_wconf 91' lang='lat' dir='ltr'><strong>modum.</strong></span> 
     </span>
     <span class='ocr_line' id='line_1_26' title="bbox 402 2440 2232 2516; baseline -0.001 -18"><span class='ocrx_word' id='word_1_169' title='bbox 402 2440 509 2498; x_wconf 92' lang='lat' dir='ltr'><strong>Mi.</strong></span> <span class='ocrx_word' id='word_1_170' title='bbox 594 2440 923 2515; x_wconf 75' lang='lat' dir='ltr'><strong>Postquam</strong></span> <span class='ocrx_word' id='word_1_171' title='bbox 967 2441 1084 2500; x_wconf 90' lang='lat' dir='ltr'><strong>hoc</strong></span> <span class='ocrx_word' id='word_1_172' title='bbox 1123 2441 1186 2497; x_wconf 98' lang='lat' dir='ltr'><strong>in</strong></span> <span class='ocrx_word' id='word_1_173' title='bbox 1231 2440 1432 2498; x_wconf 89' lang='lat' dir='ltr'><strong>animo</strong></span> <span class='ocrx_word' id='word_1_174' title='bbox 1479 2448 1572 2497; x_wconf 92' lang='lat' dir='ltr'><strong>est</strong></span> <span class='ocrx_word' id='word_1_175' title='bbox 1618 2448 1714 2498; x_wconf 89' lang='lat' dir='ltr'><strong>sat</strong></span> <span class='ocrx_word' id='word_1_176' title='bbox 1750 2440 1857 2498; x_wconf 90' lang='lat' dir='ltr'><strong>tibi</strong></span> <span class='ocrx_word' id='word_1_177' title='bbox 1891 2447 2232 2516; x_wconf 79' lang='lat' dir='ltr'><strong>acceptum,</strong></span> 
     </span>
     <span class='ocr_line' id='line_1_27' title="bbox 271 2520 2231 2602; baseline -0.001 -19"><span class='ocrx_word' id='word_1_178' title='bbox 271 2520 370 2572; x_wconf 86' lang='lat'><strong>115</strong></span> <span class='ocrx_word' id='word_1_179' title='bbox 404 2523 506 2583; x_wconf 89' lang='lat' dir='ltr'><strong>Ne</strong></span> <span class='ocrx_word' id='word_1_180' title='bbox 548 2543 732 2601; x_wconf 87' lang='lat' dir='ltr'><strong>parce</strong></span> <span class='ocrx_word' id='word_1_181' title='bbox 773 2525 1041 2598; x_wconf 83' lang='lat' dir='ltr'><strong>dextrae,</strong></span> <span class='ocrx_word' id='word_1_182' title='bbox 1084 2525 1347 2602; x_wconf 87' lang='lat' dir='ltr'><strong>cogitata</strong></span> <span class='ocrx_word' id='word_1_183' title='bbox 1385 2525 1626 2601; x_wconf 88' lang='lat' dir='ltr'><strong>perfice.</strong></span> <span class='ocrx_word' id='word_1_184' title='bbox 1878 2571 1885 2581; x_wconf 94' lang='lat'><strong>.</strong></span> <span class='ocrx_word' id='word_1_185' title='bbox 2015 2525 2231 2600; x_wconf 89' lang='lat' dir='ltr'><strong>[ilicet‚</strong></span> 
     </span>
     <span class='ocr_line' id='line_1_28' title="bbox 403 2609 2018 2687; baseline -0.001 -19"><span class='ocrx_word' id='word_1_186' title='bbox 403 2610 502 2668; x_wconf 85' lang='lat' dir='ltr'><strong>Ai.</strong></span> <span class='ocrx_word' id='word_1_187' title='bbox 598 2610 902 2687; x_wconf 89' lang='lat' dir='ltr'><strong>Accingor</strong></span> <span class='ocrx_word' id='word_1_188' title='bbox 947 2611 1026 2667; x_wconf 90' lang='lat' dir='ltr'><strong>ad</strong></span> <span class='ocrx_word' id='word_1_189' title='bbox 1066 2630 1229 2668; x_wconf 86' lang='lat' dir='ltr'><strong>rem:</strong></span> <span class='ocrx_word' id='word_1_190' title='bbox 1273 2617 1572 2668; x_wconf 89' lang='lat' dir='ltr'><strong>caeterum</strong></span> <span class='ocrx_word' id='word_1_191' title='bbox 1618 2609 1840 2668; x_wconf 90' lang='lat' dir='ltr'><strong>mando</strong></span> <span class='ocrx_word' id='word_1_192' title='bbox 1885 2610 2018 2682; x_wconf 81' lang='lat' dir='ltr'><strong>tibi,</strong></span> 
     </span>
     <span class='ocr_line' id='line_1_29' title="bbox 404 2693 1797 2772; baseline -0.001 -19"><span class='ocrx_word' id='word_1_193' title='bbox 404 2693 490 2753; x_wconf 90' lang='lat' dir='ltr'><strong>Ut</strong></span> <span class='ocrx_word' id='word_1_194' title='bbox 526 2693 648 2751; x_wconf 84' lang='lat' dir='ltr'><strong>tale</strong></span> <span class='ocrx_word' id='word_1_195' title='bbox 691 2702 968 2769; x_wconf 89' lang='lat' dir='ltr'><strong>praestes</strong></span> <span class='ocrx_word' id='word_1_196' title='bbox 1015 2714 1258 2772; x_wconf 89' lang='lat' dir='ltr'><strong>semper</strong></span> <span class='ocrx_word' id='word_1_197' title='bbox 1299 2695 1590 2753; x_wconf 89' lang='lat' dir='ltr'><strong>auxilium</strong></span> <span class='ocrx_word' id='word_1_198' title='bbox 1633 2695 1797 2751; x_wconf 90' lang='lat' dir='ltr'><strong>mihi.</strong></span> 
     </span>
     <span class='ocr_line' id='line_1_30' title="bbox 403 2778 2017 2856; baseline -0.001 -19"><span class='ocrx_word' id='word_1_199' title='bbox 403 2779 510 2837; x_wconf 90' lang='lat' dir='ltr'><strong>Mi.</strong></span> <span class='ocrx_word' id='word_1_200' title='bbox 595 2778 805 2851; x_wconf 85' lang='lat' dir='ltr'><strong>Vides,</strong></span> <span class='ocrx_word' id='word_1_201' title='bbox 847 2780 1095 2856; x_wconf 84' lang='lat' dir='ltr'><strong>Ulysse‚</strong></span> <span class='ocrx_word' id='word_1_202' title='bbox 1134 2781 1257 2839; x_wconf 83' lang='lat' dir='ltr'><strong>vim</strong></span> <span class='ocrx_word' id='word_1_203' title='bbox 1299 2780 1586 2852; x_wconf 78' lang='lat' dir='ltr'><strong>Deorum,</strong></span> <span class='ocrx_word' id='word_1_204' title='bbox 1633 2787 1859 2853; x_wconf 87' lang='lat' dir='ltr'><strong>quanta</strong></span> <span class='ocrx_word' id='word_1_205' title='bbox 1894 2778 2017 2837; x_wconf 81' lang='lat' dir='ltr'><strong>sit?</strong></span> 
     </span>
     <span class='ocr_line' id='line_1_31' title="bbox 403 2862 1804 2940; baseline 0 -19"><span class='ocrx_word' id='word_1_206' title='bbox 403 2862 546 2921; x_wconf 92' lang='lat' dir='ltr'><strong>Hoc</strong></span> <span class='ocrx_word' id='word_1_207' title='bbox 580 2863 827 2922; x_wconf 89' lang='lat' dir='ltr'><strong>homine</strong></span> <span class='ocrx_word' id='word_1_208' title='bbox 871 2883 1070 2922; x_wconf 90' lang='lat' dir='ltr'><strong>rerum</strong></span> <span class='ocrx_word' id='word_1_209' title='bbox 1116 2866 1253 2940; x_wconf 88' lang='lat' dir='ltr'><strong>quis</strong></span> <span class='ocrx_word' id='word_1_210' title='bbox 1298 2865 1412 2923; x_wconf 88' lang='lat' dir='ltr'><strong>fuit</strong></span> <span class='ocrx_word' id='word_1_211' title='bbox 1451 2864 1804 2936; x_wconf 87' lang='lat' dir='ltr'><strong>consultior,</strong></span> 
     </span>
     <span class='ocr_line' id='line_1_32' title="bbox 270 2943 1908 3025; baseline -0.001 -19"><span class='ocrx_word' id='word_1_212' title='bbox 270 2943 372 2995; x_wconf 77' lang='lat'><strong>¹20</strong></span> <span class='ocrx_word' id='word_1_213' title='bbox 406 2948 522 3006; x_wconf 92' lang='lat' dir='ltr'><strong>Vel</strong></span> <span class='ocrx_word' id='word_1_214' title='bbox 542 2948 772 3011; x_wconf 69' lang='lat' dir='ltr'><strong>,melior</strong></span> <span class='ocrx_word' id='word_1_215' title='bbox 814 2949 1070 3006; x_wconf 90' lang='lat' dir='ltr'><strong>antehac</strong></span> <span class='ocrx_word' id='word_1_216' title='bbox 1115 2957 1333 3025; x_wconf 89' lang='lat' dir='ltr'><strong>coepta</strong></span> <span class='ocrx_word' id='word_1_217' title='bbox 1373 2957 1603 3006; x_wconf 88' lang='lat' dir='ltr'><strong>mature</strong></span> <span class='ocrx_word' id='word_1_218' title='bbox 1649 2947 1908 3024; x_wconf 79' lang='lat' dir='ltr'><strong>exequi?</strong></span> 
     </span>
     <span class='ocr_line' id='line_1_33' title="bbox 386 3031 2202 3107; baseline -0.003 -15"><span class='ocrx_word' id='word_1_219' title='bbox 386 3032 505 3092; x_wconf 84' lang='lat' dir='ltr'><strong>Ul.</strong></span> <span class='ocrx_word' id='word_1_220' title='bbox 590 3031 815 3091; x_wconf 87' lang='lat' dir='ltr'><strong>Nullus</strong></span> <span class='ocrx_word' id='word_1_221' title='bbox 861 3033 1100 3107; x_wconf 88' lang='lat' dir='ltr'><strong>quidem</strong></span> <span class='ocrx_word' id='word_1_222' title='bbox 1143 3035 1433 3104; x_wconf 84' lang='lat' dir='ltr'><strong>antehac3</strong></span> <span class='ocrx_word' id='word_1_223' title='bbox 1473 3034 1735 3107; x_wconf 88' lang='lat' dir='ltr'><strong>mihique</strong></span> <span class='ocrx_word' id='word_1_224' title='bbox 1781 3031 2202 3091; x_wconf 88' lang='lat' dir='ltr'><strong>miseritudine</strong></span> 
     </span>
     <span class='ocr_line' id='line_1_34' title="bbox 404 3115 2122 3194; baseline -0.001 -18"><span class='ocrx_word' id='word_1_225' title='bbox 404 3115 751 3177; x_wconf 86' lang='lat' dir='ltr'><strong>Commovit</strong></span> <span class='ocrx_word' id='word_1_226' title='bbox 795 3119 1079 3191; x_wconf 86' lang='lat' dir='ltr'><strong>animum,</strong></span> <span class='ocrx_word' id='word_1_227' title='bbox 1118 3136 1465 3194; x_wconf 42' lang='lat' dir='ltr'><strong>,quanquam</strong></span> <span class='ocrx_word' id='word_1_228' title='bbox 1506 3118 1771 3192; x_wconf 89' lang='lat' dir='ltr'><strong>iniquior</strong></span> <span class='ocrx_word' id='word_1_229' title='bbox 1814 3117 1959 3175; x_wconf 90' lang='lat' dir='ltr'><strong>mihi</strong></span> <span class='ocrx_word' id='word_1_230' title='bbox 2004 3125 2122 3188; x_wconf 76' lang='lat' dir='ltr'><strong>est,</strong></span> 
     </span>
     <span class='ocr_line' id='line_1_35' title="bbox 404 3200 1812 3280; baseline 0 -20"><span class='ocrx_word' id='word_1_231' title='bbox 404 3200 577 3274; x_wconf 83' lang='lat' dir='ltr'><strong>Quod</strong></span> <span class='ocrx_word' id='word_1_232' title='bbox 617 3202 726 3261; x_wconf 87' lang='lat' dir='ltr'><strong>tali</strong></span> <span class='ocrx_word' id='word_1_233' title='bbox 769 3204 1091 3262; x_wconf 88' lang='lat' dir='ltr'><strong>inhaerens</strong></span> <span class='ocrx_word' id='word_1_234' title='bbox 1128 3204 1263 3280; x_wconf 91' lang='lat' dir='ltr'><strong>ipse</strong></span> <span class='ocrx_word' id='word_1_235' title='bbox 1303 3204 1598 3262; x_wconf 85' lang='lat' dir='ltr'><strong>conflictet</strong></span> <span class='ocrx_word' id='word_1_236' title='bbox 1640 3203 1812 3263; x_wconf 90' lang='lat' dir='ltr'><strong>malo.</strong></span> 
     </span>
     <span class='ocr_line' id='line_1_36' title="bbox 403 3285 1934 3365; baseline -0.001 -19"><span class='ocrx_word' id='word_1_237' title='bbox 403 3285 537 3354; x_wconf 89' lang='lat' dir='ltr'><strong>Nec</strong></span> <span class='ocrx_word' id='word_1_238' title='bbox 577 3287 741 3346; x_wconf 83' lang='lat' dir='ltr'><strong>illius</strong></span> <span class='ocrx_word' id='word_1_239' title='bbox 785 3308 935 3361; x_wconf 81' lang='lat' dir='ltr'><strong>rem,</strong></span> <span class='ocrx_word' id='word_1_240' title='bbox 977 3307 1155 3363; x_wconf 87' lang='lat' dir='ltr'><strong>quam</strong></span> <span class='ocrx_word' id='word_1_241' title='bbox 1198 3308 1418 3361; x_wconf 88' lang='lat' dir='ltr'><strong>meam,</strong></span> <span class='ocrx_word' id='word_1_242' title='bbox 1468 3297 1673 3364; x_wconf 88' lang='lat' dir='ltr'><strong>specto</strong></span> <span class='ocrx_word' id='word_1_243' title='bbox 1718 3288 1934 3365; x_wconf 88' lang='lat' dir='ltr'><strong>magis.</strong></span> 
     </span>
     <span class='ocr_line' id='line_1_37' title="bbox 269 3369 1835 3449; baseline -0.001 -19"><span class='ocrx_word' id='word_1_244' title='bbox 269 3369 370 3423; x_wconf 78' lang='lat'><strong>125</strong></span> <span class='ocrx_word' id='word_1_245' title='bbox 404 3369 515 3430; x_wconf 85' lang='lat' dir='ltr'><strong>Nil</strong></span> <span class='ocrx_word' id='word_1_246' title='bbox 557 3379 756 3430; x_wconf 89' lang='lat' dir='ltr'><strong>certus</strong></span> <span class='ocrx_word' id='word_1_247' title='bbox 802 3374 963 3431; x_wconf 90' lang='lat' dir='ltr'><strong>aliud</strong></span> <span class='ocrx_word' id='word_1_248' title='bbox 1010 3393 1148 3434; x_wconf 88' lang='lat' dir='ltr'><strong>esse</strong></span> <span class='ocrx_word' id='word_1_249' title='bbox 1190 3393 1329 3446; x_wconf 73' lang='grc' dir='ltr'>ηοε,</span> <span class='ocrx_word' id='word_1_250' title='bbox 1375 3393 1553 3449; x_wconf 89' lang='lat' dir='ltr'><strong>quam</strong></span> <span class='ocrx_word' id='word_1_251' title='bbox 1597 3374 1835 3432; x_wconf 89' lang='lat' dir='ltr'><strong>somnia</strong></span> 
     </span>
     <span class='ocr_line' id='line_1_38' title="bbox 400 3456 1836 3535; baseline 0 -20"><span class='ocrx_word' id='word_1_252' title='bbox 400 3456 869 3535; x_wconf 83' lang='lat' dir='ltr'><strong>Imaginantum,</strong></span> <span class='ocrx_word' id='word_1_253' title='bbox 915 3466 1018 3516; x_wconf 89' lang='lat' dir='ltr'><strong>aut</strong></span> <span class='ocrx_word' id='word_1_254' title='bbox 1060 3478 1319 3534; x_wconf 90' lang='lat' dir='ltr'><strong>corpora</strong></span> <span class='ocrx_word' id='word_1_255' title='bbox 1360 3461 1574 3517; x_wconf 90' lang='lat' dir='ltr'><strong>umbra</strong></span> <span class='ocrx_word' id='word_1_256' title='bbox 1613 3458 1836 3517; x_wconf 88' lang='lat' dir='ltr'><strong>inania.</strong></span> 
     </span>
     <span class='ocr_line' id='line_1_39' title="bbox 398 3542 1932 3619; baseline -0.001 -19"><span class='ocrx_word' id='word_1_257' title='bbox 398 3542 505 3600; x_wconf 90' lang='lat' dir='ltr'><strong>Mi.</strong></span> <span class='ocrx_word' id='word_1_258' title='bbox 591 3542 755 3619; x_wconf 86' lang='lat' dir='ltr'><strong>Ergo</strong></span> <span class='ocrx_word' id='word_1_259' title='bbox 793 3543 1032 3602; x_wconf 85' lang='lat' dir='ltr'><strong>cavebis</strong></span> <span class='ocrx_word' id='word_1_260' title='bbox 1082 3544 1233 3602; x_wconf 89' lang='lat' dir='ltr'><strong>haec</strong></span> <span class='ocrx_word' id='word_1_261' title='bbox 1268 3545 1505 3617; x_wconf 67' lang='lat' dir='ltr'><strong>videm,</strong></span> <span class='ocrx_word' id='word_1_262' title='bbox 1551 3543 1932 3602; x_wconf 86' lang='lat' dir='ltr'><strong>temerarium</strong></span> 
     </span>
    </p>
   </div>
  </div>
 </body>
</html>
