2452 4186
972 414 1041 420 ...
1065 326 1187 386 397

211 493 515 556 Sacrificis
562 496 731 554 adsis
771 515 807 552 ο
855 515 1007 571 pura
1049 505 1252 555 mente
1291 497 1606 571 ministris,

208 585 507 639 Avertens
549 580 903 657 illegitimae
945 581 1303 658 cuppedinis
1349 591 1576 641 aestus.

210 737 542 809 Mertai-am
555 749 796 807 Carmen
802 759 917 807 tum
928 769 1026 808 sea
1034 750 1356 808 Parcarum
1367 752 1648 826 suffimen,
1658 764 1938 811 aromata.
1957 753 2042 812 58

207 837 447 908 Mortae
491 834 788 906 infinitae,
831 834 1128 911 nigrantis
1183 831 1369 894 nocti’
1411 854 1735 913 propages,

209 921 339 979 Vos
383 938 592 995 precor
630 939 667 977 o
715 919 1014 991 celebres,
1058 939 1214 996 quae
1261 922 1374 978 sub
1415 921 1683 979 coeleste
1727 922 1949 997 palude

209 1005 348 1081 Qua
389 1023 577 1063 canus
622 1004 825 1078 liquor
861 1004 1124 1062 induferi
1165 1005 1240 1062 de
1284 1006 1454 1064 fonte
1495 1005 1719 1064 lavacri

207 1090 465 1148 Labitur
504 1089 734 1147 aeterni
776 1089 1023 1165 specuis
1046 1091 1179 1149 *sub
1220 1093 1456 1165 pumice
1503 1109 1712 1166 opace,

210 1173 391 1234 Cives
433 1173 800 1251 pervolgatis
845 1175 1091 1232 alumna
1132 1176 1468 1234 animantia
1516 1183 1734 1248 terrae,

206 1261 362 1318 Inde
402 1259 519 1316 loci
557 1258 633 1315 ad
676 1265 995 1318 ventosum
1032 1260 1339 1318 hominum
1383 1260 1638 1333 seclum,
1667 1260 1825 1333 leve,
1855 1260 2036 1319 hians

206 1340 480 1422 Pergiti',
528 1344 837 1402 carbaseis
882 1345 1197 1403 obstantes
1240 1345 1473 1402 lumina
1517 1344 1694 1418 velis,
1843 1346 2035 1421 [spe8,

206 1429 406 1488 Fatali
443 1430 507 1486 in
549 1447 789 1503 campe,
829 1437 894 1486 ut
933 1430 1106 1507 bigas
1154 1429 1311 1488 levis
1356 1431 1663 1507 aurigatur

209 1513 423 1574 Gloria
464 1513 732 1572 iustitiae
770 1514 849 1571 ad
891 1523 1108 1586 metae,
1156 1515 1413 1590 speique
1455 1523 1515 1572 et
1559 1533 1857 1588 curarum,

207 1600 290 1657 Et
326 1599 525 1676 legem
572 1598 757 1668 casci,
796 1600 1023 1677 magni,
1065 1595 1376 1657 laudabili'
1417 1600 1609 1676 regni.

211 1685 475 1742 Tantum
523 1684 720 1741 Morta
760 1693 856 1742 est
899 1685 1047 1742 vitai
1089 1685 1310 1760 prima,
1356 1684 1518 1742 haud
1565 1685 1680 1744 alis
1721 1683 1881 1742 ullus

208 1769 439 1827 Divum
481 1769 583 1843 qui
617 1767 876 1844 pedibus
919 1770 1170 1846 polsant
1209 1770 1536 1828 coenacula
1585 1769 1758 1841 coeli,

206 1855 288 1913 Et
308 1855 463 1912 Iovi'
490 1854 780 1912 cortumio
806 1864 918 1913 est.
965 1854 1184 1912 etenim
1208 1874 1366 1929 quae
1390 1863 1605 1912 cuncta
1626 1860 1874 1913 manent
1896 1871 2038 1924 nos,

211 1939 476 1997 Tantum
520 1940 734 2011 Morta,
781 1941 1071 2015 Iovisque
1115 1939 1347 1997 aeterni
1392 1940 1648 1997 daedala
1687 1958 1859 1997 mens
1905 1938 2038 1997 scit.

208 2023 587 2097 Nocturnae,
622 2024 949 2085 mitissima
992 2033 1258 2102 pectora,
1303 2026 1549 2083 numina
1584 2026 1801 2098 amica,

134 2116 140 2131 ¹
207 2113 585 2188 Atropeque,
622 2118 683 2166 et
696 2111 979 2185 Lachesi,
1013 2120 1072 2169 et
1099 2110 1372 2185 Clotona,
1416 2133 1452 2170 o
1486 2114 1783 2187 ¹patrimae
1806 2111 2038 2184 adeste,

207 2196 452 2268 Aeriae,
497 2196 754 2269 invisae,
792 2199 1063 2268 tetricae,
1104 2198 1467 2270 irrequietae
1504 2197 1733 2256 Divae:

211 2282 436 2342 Omnia
473 2281 620 2337 item
661 2283 1003 2341 mortalibu'
1047 2300 1201 2354 quae
1241 2282 1424 2352 datis,
1471 2282 1676 2340 omnia
1716 2282 1909 2339 fertis·

212 2366 267 2425 O
306 2386 465 2438 mea,
504 2367 758 2439 Mortae,
800 2367 1001 2425 audite
1044 2365 1326 2422 lubenter
1362 2365 1490 2423 liba
1532 2383 1891 2441 precesque,

209 2451 441 2511 Nubila
483 2458 791 2527 tergentes
837 2446 1207 2510 mordacibu'
1256 2458 1510 2526 pectora
1555 2450 1734 2508 curis.

302 2627 647 2686 Gratiarum
686 2643 786 2682 seu
835 2622 1209 2681 Venustatum
1253 2620 1533 2694 suffimen,
1578 2629 1879 2678 sturacem.
1958 2614 2041 2675 59

212 2712 444 2771 Adsitis
489 2711 761 2768 celebres
811 2708 1079 2766 illustres
1129 2704 1400 2777 Gratiae,
1437 2706 1734 2776 honorae,

209 2797 551 2875 Progenies
605 2795 772 2853 Iovis
818 2793 999 2863 alma,
1041 2791 1428 2864 Paludaeque
1469 2790 1735 2867 Egeriai,

211 2883 474 2940 Maiesta
519 2889 580 2939 et
622 2880 828 2950 Flora,
877 2885 935 2935 et
976 2876 1204 2949 Vitula,
1254 2875 1688 2952 augustissima
1731 2873 1926 2950 virge,

211 2968 515 3026 Laetitiae
562 2973 808 3035 matreS,
850 2962 1115 3038 lepidae,
1154 2979 1366 3037 purae,
1414 2959 1763 3030 vitulanteS,

212 3052 572 3123 Volturnae,
616 3068 858 3124 semper
894 3046 1140 3119 virides,
1187 3040 1532 3104 mortalibu’
1572 3052 1832 3121 gratae,

213 3137 453 3196 Votitae
496 3153 740 3213 puerae,
792 3134 1182 3204 Vortumnae,
1230 3131 1487 3202 coesiae,
1536 3147 1848 3199 amoenae,

213 3223 521 3282 Assiduae
564 3220 805 3279 ventate
847 3217 1119 3276 volentes
1165 3217 1368 3275 fausta
1408 3213 1705 3274 Camillis.

217 3392 409 3450 Divae
436 3391 697 3447 Nemesis
733 3387 1129 3446 Graecanicae
1163 3387 1408 3462 (Latine
1441 3348 1871 3456 Verticordiae)
1958 3380 2042 3440 60

1002 3490 1248 3530 carmen.

217 3559 309 3618 Te
349 3576 501 3618 voco
538 3565 600 3614 te
638 3555 924 3616 Nemesis
965 3556 1183 3615 victrix
1220 3555 1381 3627 Dea,
1423 3571 1647 3632 magna
1695 3548 1973 3621 Camilla,
