2452 4186
1077 271 1191 331 105

215 439 553 500 Contemtis
601 438 843 514 opibu8‚
886 442 1107 517 spretis
1148 441 1556 518 popularibus
1598 443 1783 512 aut-ie,

295 525 729 597 ventosaeque
776 525 965 602 fugax
1014 526 1383 597 ambitionis,
1429 527 1597 584 obis:

214 609 496 669 Praemia
542 608 729 684 quina
760 619 973 684 quater
1014 611 1239 669 Piseae
1286 612 1526 670 functus
1574 611 1808 669 olivaez

296 695 376 752 Et
422 694 710 767 linquens
755 696 943 753 animi
986 697 1245 773 pignora
1281 716 1420 753 rara
1461 697 1576 754 tui:

307 1880 597 1941 Carmina
641 1892 782 1939 sunt
827 1881 1057 1941 meritis
1103 1884 1395 1941 inferiora
1431 1882 1571 1940 tuis.

220 1966 674 2044 Impendendus
720 1977 851 2025 erat
896 1969 1190 2026 Mundus:
1239 1968 1348 2027 sed
1387 1976 1631 2043 pectore
1664 1965 1952 2024 Mundum

307 2050 575 2128 Cepisti:
620 2051 833 2112 laudes
878 2074 1002 2112 non
1050 2053 1213 2130 capit
1256 2053 1361 2111 ille
1403 2061 1559 2111 tuas.

224 2138 389 2213 Quid
426 2136 687 2196 faciam?
729 2137 945 2197 melius
994 2141 1230 2215 coeptis
1277 2139 1601 2198 desisteret
1645 2136 1882 2194 abunde

302 2222 639 2294 Laudatur,
681 2224 780 2281 cui
816 2224 953 2283 laus
995 2224 1163 2281 nulla
1208 2233 1306 2282 sat
1342 2242 1482 2282 esse
1527 2230 1750 2300 potest.

608 2390 703 2448 13.
792 2395 869 2449 Ιπ
913 2395 1127 2451 obitum
1169 2395 1348 2450 Eliae
1393 2392 1670 2449 Pulsohii.
1744 2411 1750 2416 ·

222 2479 382 2554 Ergo
426 2476 560 2548 tibi,
604 2475 879 2549 Putsehi‚
924 2497 1145 2555 magna
1189 2486 1250 2535 et
1289 2477 1607 2553 praeclara
1650 2476 1905 2532 minanti

309 2561 584 2619 Iniecere
620 2561 831 2619 avidas
877 2563 1085 2621 invida
1121 2564 1249 2619 fata
1288 2561 1548 2619 manus?

223 2647 368 2706 Heu
414 2647 519 2704 ubi
560 2655 703 2704 sunt
741 2646 995 2720 fruetus,
1042 2667 1197 2722 quos
1243 2666 1340 2704 me
1382 2664 1631 2722 sperare
1671 2646 1981 2715 iubebant,
2007 2712 2023 2732 s

307 2732 409 2790 Ah
451 2733 745 2789 frustrata
784 2751 981 2789 meam
1019 2733 1265 2790 credula
1304 2739 1450 2790 vota
1492 2730 1719 2788 fidem?

221 2816 338 2876 Ille
384 2814 835 2874 camoenarum
876 2819 1053 2876 cultis
1101 2835 1438 2894 generosus
1480 2817 1544 2873 in
1592 2816 1784 2874 hortis

309 2901 637 2961 Flosculus
681 2920 713 2958 e
761 2911 972 2960 tenera
1015 2923 1261 2980 surgere
1302 2893 1508 2960 iussus
1549 2902 1756 2973 hum0‚

224 2989 417 3048 Ortus
459 2995 520 3044 et
559 3005 895 3062 oppressus
941 2988 1120 3046 simul
1152 2997 1264 3047 est.
1321 3006 1442 3044 una
1489 2987 1728 3059 extulit,
1774 3005 1894 3044 una

312 3071 602 3143 Abstulit,
645 3080 711 3128 ut
754 3091 1002 3148 gramen
1049 3072 1390 3142 solstitiale,
1430 3071 1579 3129 dies,

222 3157 445 3217 Gloria
481 3162 747 3215 maturos
793 3158 903 3216 tibi
947 3157 1068 3215 iam
1108 3158 1477 3234 properabat
1519 3157 1803 3214 honores:

310 3240 583 3318 Ingeniis
632 3244 869 3318 magnis
912 3242 1034 3300 iam
1074 3242 1432 3299 metuendus
1477 3259 1634 3299 eras.

224 3327 362 3385 Iam
399 3326 511 3385 tibi
553 3326 812 3386 decurso
860 3328 1058 3404 spatio
1100 3328 1193 3385 vis
1236 3327 1471 3383 fervida
1514 3328 1734 3385 mentis

313 3410 668 3488 Stringebat
713 3421 909 3471 metas
953 3413 1243 3470 interiore
1289 3420 1439 3468 rota.
1522 3439 1523 3446 κ

221 3497 359 3555 Iam
406 3496 803 3573 promittebat
845 3498 1085 3555 facilem
1125 3496 1400 3556 Victoria
1442 3496 1737 3572 palmam:
