2452 4186
1039 302 1161 361 38⁷.

196 469 502 527 Transtris
548 467 878 542 loquentis,
917 481 978 528 et
1019 472 1254 548 peritae
1298 491 1555 530 currere.

196 558 271 613 At
311 572 524 612 rursus
572 561 741 611 antro
787 554 889 628 qui
933 556 1238 632 revulsi[t]
1285 557 1566 629 mulleoS‚

196 643 511 698 Amentum
553 646 613 694 et
649 638 838 709 ensis,
884 641 1213 713 baltheum,
1257 650 1432 715 atque
1475 661 1682 701 ensem
1722 644 1935 719 patris,

198 722 305 782 cui
347 722 574 799 Scyrus
617 721 762 780 olim
806 723 1151 784 lacrumosa
1188 727 1404 783 funera

195 808 553 884 Praecipitis
592 807 754 864 infra
798 810 1112 869 stridulum
1156 813 1482 870 umbonem
1528 812 1653 890 iugi
2020 813 2153 869 1325

199 893 400 954 Saltus
443 891 679 969 parabit
720 893 1079 970 insepultos,
1125 895 1479 972 Phemipor,

198 981 428 1055 Mystae
471 995 670 1035 comes
716 977 932 1051 leonis,
982 981 1248 1039 hosticae
1296 982 1444 1039 deae

201 1064 316 1139 Qui
358 1061 570 1120 mulsit
610 1063 759 1119 uber
794 1062 1052 1122 lacteum
1089 1066 1419 1138 Feretriae,

197 1149 312 1207 Fur
355 1147 585 1205 balthei
629 1146 796 1204 litem
842 1150 1128 1207 excitavit
1172 1150 1496 1227 duplicem,

200 1233 445 1293 Cestum
481 1231 806 1303 revellens,
851 1241 910 1290 et
949 1234 1384 1311 Themiscyrae
1428 1236 1716 1294 inclutam
2024 1242 2158 1296 1330

198 1323 355 1377 Arcu
397 1325 710 1394 putentem
752 1317 1091 1376 Porrimam
1140 1320 1331 1377 civem
1372 1322 1672 1379 auferens.

201 1403 383 1463 Cuius
433 1420 672 1461 sorores
720 1403 985 1479 virgines
1025 1404 1086 1461 N
1090 1406 1406 1481 eptunidcs

196 1489 360 1546 Erim
398 1497 578 1563 atque
620 1488 914 1565 Lagmum
957 1489 1329 1561 deserenteS,
1362 1490 1693 1562 Telamum‚

196 1575 453 1632 Fluenta
499 1572 975 1632 Thermodontis
1018 1583 1194 1649 atque
1236 1577 1427 1632 Actae
1470 1576 1631 1653 iuga,

201 1659 446 1717 Poenas
492 1658 742 1733 rapinae
788 1659 1201 1733 quaesitantes
1251 1678 1525 1734 asperas,
2027 1665 2158 1720 1335

198 1744 339 1803 Istri
381 1743 476 1801 uls
528 1751 851 1801 sonantem
893 1745 1184 1821 gurgitem
1233 1745 1382 1802 citas
1429 1764 1613 1819 equas

197 1831 416 1906 Egere,
464 1828 703 1886 hiantes
754 1829 1065 1886 horitorem
1113 1831 1238 1887 oris
1277 1848 1496 1887 sonum

199 1913 475 1986 Graecis,
517 1914 740 1972 vetusti
785 1912 1045 1988 filiisque
1082 1914 1423 1972 Erechthei.

199 2000 580 2073 Omnemque
623 1999 773 2057 duro
819 1999 1012 2056 Marte
1056 2007 1370 2058 vastarunt
1410 2018 1635 2077 agrum,

195 2086 347 2163 Igne
385 2083 723 2143 ustulantes
766 2084 1134 2161 patrimonia
1175 2085 1478 2163 Mopsopi.
2028 2092 2160 2147 1340

196 2172 492 2244 Meusque
532 2187 783 2246 campos
834 2169 1131 2227 Thraciae
1174 2170 1471 2247 populans
1515 2190 1688 2242 avus,

197 2255 571 2329 Terramque
615 2255 897 2326 Eordam‚
948 2263 1072 2312 tum
1115 2255 1520 2314 Galadraeum
1567 2255 1784 2325 solum,

192 2341 469 2398 Peneum
515 2340 592 2396 ad
637 2359 877 2397 amnem
924 2340 1143 2415 panxit
1185 2340 1319 2397 arvi
1360 2340 1675 2411 terminos,

196 2425 436 2486 Servile
489 2424 705 2482 vinclis
751 2424 1105 2501 imprimens
1146 2424 1298 2481 collo
1337 2424 1562 2500 iugum,
1599 2427 1605 2431 “

191 2511 434 2568 Virtute
480 2518 801 2586 praestans
845 2510 1080 2567 iuvenis
1127 2518 1186 2567 et
1230 2510 1421 2566 forma
1466 2509 1615 2567 suis.
2025 2517 2158 2570 1345

190 2602 280 2655 At
322 2597 473 2652 haec
518 2595 842 2652 bubulcum
878 2595 1189 2671 suppetias
1242 2615 1354 2672 pro
1399 2604 1490 2652 tot
1519 2592 1695 2651 malis

194 2680 677 2740 Cudonivestem
723 2699 950 2755 sexque
993 2681 1236 2738 navium
1283 2681 1494 2738 ducem

192 2767 473 2837 Mittens,
511 2765 720 2842 ligone
761 2764 927 2823 celsa
971 2766 1126 2824 fodit
1161 2765 1425 2824 moenia.

190 2852 357 2909 Eum
397 2852 641 2909 Moneta
680 2851 1045 2909 vorticordia
1092 2852 1364 2909 coetibus

190 2936 404 2994 Deum
447 2935 728 3007 sacrabit,
772 2954 954 2993 causa
986 2937 1271 3013 princeps
1315 2936 1597 2993 luctuum.
1873 2964 1878 2969 ·
2029 2939 2161 2993 1350

192 3022 439 3080 Rursus
480 3020 790 3079 Timolum
836 3022 1186 3081 deserentes
1234 3022 1500 3080 voltures

192 3108 278 3165 Et
320 3105 638 3182 Cimpson,
680 3125 1043 3181 aureumque
1085 3106 1323 3164 Pactoli
1363 3106 1581 3176 sinum,

193 3193 277 3250 Et
313 3211 503 3266 aquas
553 3191 827 3263 Paludis,
873 3192 1040 3249 cuius
1083 3193 1143 3248 in
1188 3190 1486 3248 cubilibus

194 3278 523 3353 Typhonis
570 3296 724 3335 uxor
770 3295 988 3353 aspero
1024 3284 1161 3335 toro
1205 3276 1470 3345 incubat,

190 3362 467 3440 Agyllan
510 3362 837 3421 Ausonitin
873 3361 1187 3433 intrarunt,
1232 3379 1474 3438 gravem
2029 3370 2159 3424 1355

195 3446 421 3507 Saevis
463 3448 809 3524 Liguribus,
852 3447 1072 3522 quique
1119 3447 1312 3523 primo
1356 3443 1675 3506 Sithonum

192 3531 375 3592 Duro
413 3533 722 3611 gigantum
767 3540 907 3589 sunt
942 3532 1127 3590 creati
1178 3531 1496 3608 sanguine,
