2452 4186
1066 314 1191 373 383

207 486 517 544 Murmura
552 481 818 559 pulvinis
863 482 1036 558 ripae
1085 480 1417 539 alludentia
1456 481 1782 558 frangens:

209 571 410 644 Atque
453 566 761 628 exercitiis
806 567 976 627 sudis
1019 566 1341 642 pellacibu'
1391 566 1632 638 ludens,

208 653 489 713 Navibus
534 652 838 724 exultans,
891 669 1190 728 pecorosa
1235 651 1375 710 loca
1417 651 1666 708 humida
1704 650 1993 711 lustrans.

211 740 266 800 Ο
315 747 510 796 mater
545 736 828 809 Veneris,
881 736 1238 796 nebularum
1280 745 1473 794 mater
1519 743 1824 809 ovantum,

207 825 289 884 Et
330 822 590 881 fontium
636 821 1048 899 omnigenum,
1090 822 1421 896 liquentum
1466 822 1753 880 suavibus
1797 822 2013 880 undis:

208 909 349 968 Huc
393 908 564 967 adsis
604 907 810 979 nobis,
849 916 911 965 et
949 907 1177 965 blanda
1217 907 1472 965 illabere
1514 907 1697 978 votis,

207 993 488 1053 Navibus
524 992 853 1052 immittens
901 992 1237 1051 animarum
1283 992 1529 1050 flamina
1572 991 1741 1051 suda.

622 1164 851 1220 Terenti
903 1161 1073 1220 Consi
1109 1164 1390 1237 suffimen,
1434 1181 1649 1219 murra.
1956 1161 2036 1219 22

211 1248 266 1308 Ο
314 1247 418 1322 qui
466 1246 637 1304 salsa
676 1255 849 1304 tenes
896 1246 1108 1320 liquidi
1147 1247 1490 1323 penetralia
1532 1245 1759 1317 mundi,

210 1331 662 1408 Quinquaginta
704 1351 825 1389 una
865 1332 1038 1408 pusis
1085 1351 1197 1409 per
1241 1332 1484 1389 caerula
1523 1331 1817 1408 gaudens,

209 1412 486 1477 Coetibu’
531 1415 846 1494 virgineis,
884 1418 1099 1493 genius
1143 1417 1331 1475 maris
1368 1417 1524 1474 alme
1571 1416 1865 1474 Terente:

205 1503 563 1562 Fundamen
610 1496 806 1573 mari'‚
852 1521 1062 1579 margo
1104 1511 1324 1574 terrae,
1345 1501 1705 1578 principium
1742 1501 2034 1559 omnium:

209 1588 332 1664 Qui
374 1586 596 1646 moliri’
643 1593 863 1645 statum
899 1596 1118 1660 terrae,
1160 1607 1294 1645 cum
1338 1587 1571 1645 scilicet
1612 1605 1783 1644 arces

205 1674 280 1731 In
324 1672 528 1731 caveis
577 1672 720 1729 olim
759 1671 1148 1749 indignantes
1198 1691 1501 1729 murmure
1544 1670 1799 1730 Cauros.

208 1757 334 1818 Sed
377 1765 817 1816 motusterrae
862 1776 1217 1830 averrunca,
1263 1765 1322 1814 et
1363 1757 1530 1815 mitte
1574 1756 1868 1814 ministris

205 1843 609 1914 Flaminibus,
648 1859 982 1918 pacemque
1026 1851 1086 1900 et
1129 1861 1306 1919 opes,
1342 1842 1646 1918 ditemque
1693 1842 1970 1901 salutem.

436 2010 813 2069 Salaciarum
853 2013 1172 2069 Nerie‘num
1209 2013 1489 2088 suffimen,
1531 2023 1814 2071 aromata.
1956 2014 2038 2073 23

208 2098 433 2157 Pullae
481 2096 818 2169 caeruleae,
860 2097 1071 2172 liquidi
1115 2116 1268 2174 gens
1312 2098 1538 2157 blanda
1578 2099 1847 2171 Terenti,

209 2182 567 2255 Aedicolae,
612 2182 849 2253 Latiae,
893 2182 1305 2257 ludicraeque,
1352 2184 1691 2255 fluitantes3

210 2268 668 2344 Quinquaginta
704 2286 861 2344 vago
905 2267 1208 2324 fatuantes
1258 2286 1560 2327 marmore
1597 2289 1786 2343 pusae

208 2354 531 2412 Tritonum
578 2370 786 2411 currus
829 2359 1135 2410 sectantes
1180 2371 1363 2426 pone,
1406 2353 1711 2411 inhiantes

210 2438 534 2500 Semiferis
580 2436 798 2496 Geniis
836 2455 986 2511 quos
1027 2435 1254 2494 vitreus
1296 2437 1510 2495 educat
1543 2439 1790 2497 humor:

208 2528 410 2600 Atque
450 2522 588 2582 aliis
635 2521 972 2598 quicunque
1014 2522 1223 2583 colunt
1263 2520 1556 2595 liquentia
1596 2532 1817 2596 castra,

208 2607 577 2681 Undicolae‚
618 2606 792 2680 Salii,
837 2606 1168 2665 lustrantes
1216 2607 1461 2684 agmina
1506 2627 1815 2683 aquarum,

207 2693 540 2771 Undivagi,
583 2692 797 2767 liquidi
841 2692 1157 2768 Delphini,
1202 2693 1420 2768 glauca
1461 2702 1722 2768 tuentes,

210 2780 336 2838 Vos
373 2799 482 2838 oro
528 2797 808 2855 magnam
854 2796 1067 2853 copem
1104 2797 1234 2835 rem
1281 2786 1436 2837 cette
1477 2777 1776 2840 Camillis.
1883 2836 1888 2837 ff

208 2863 372 2923 Nam
417 2883 528 2923 vos
573 2863 734 2921 festa
769 2863 1060 2940 coegistis
1101 2861 1364 2923 Comitia
1406 2865 1635 2940 primae

208 2950 422 3008 Liberi
462 2948 725 3026 augusti,
770 2956 828 3005 et
869 2948 1131 3006 Liberae
1183 2950 1487 3026 augustai,

208 3035 470 3094 Lucinia
508 3053 642 3092 cum
682 3042 893 3106 matre,
938 3042 997 3091 et
1042 3034 1399 3110 Apollinere
1439 3035 1855 3112 induperante.

610 3207 759 3267 Iani,
792 3206 947 3263 Maii
986 3206 1268 3281 suffimen,
1313 3216 1612 3265 stur-acem.
1955 3205 2032 3264 24

212 3290 305 3348 Te
350 3291 481 3350 calo
521 3299 773 3349 naturae
819 3290 1022 3349 salsae
1061 3292 1290 3348 Maium
1330 3292 1755 3363 aedituentem,

209 3375 643 3453 Primigenam,
688 3375 789 3452 qui
830 3383 1106 3433 naturam
1152 3377 1276 3454 egit
1309 3376 1374 3435 in
1419 3377 1592 3436 ordia
1629 3377 1849 3453 prima,

212 3461 599 3521 Omnimodis
635 3470 875 3520 mutans
920 3478 1097 3518 sacra
1138 3462 1389 3520 foedera
1437 3462 1733 3534 materiai,

208 3546 496 3626 Famiger
546 3555 608 3606 et
649 3545 1001 3618 Consentis,
1042 3545 1276 3611 callens
1321 3548 1527 3607 omnia
1568 3566 1723 3624 quae
1763 3554 1925 3619 sunt,
