2452 4186
1116 297 1234 358 ¹59

241 458 356 526 Ὧν
404 459 558 545 κέαρ
597 464 782 546 πηλῷ
824 459 1133 537 σέσακται,
1178 463 1283 525 καὶ
1330 463 1704 547 δυσεκνίπτῳ
1743 465 1929 547 τρυγί.

236 543 321 610 Ὦ
353 545 531 614 πόλις
558 545 756 622 πόλις,
801 545 1079 649 εὐτυχεῖς
1107 569 1176 628 γε
1208 549 1463 630 μᾶλλον,
1503 547 1542 629 ἢ
1572 550 1779 617 καλῶς
1811 551 2075 633 φρονεῖς.

234 628 519 715 Ὦ[ι]περ
570 631 685 694 οὐκ
737 630 1010 714 ἐχρήσατ
1083 629 1154 692 ἄν
1195 653 1283 699 τις
1327 630 1471 693 οὐδ’
1519 632 1583 700 ἐς
1621 631 1943 716 ὀξυθύμια.

243 714 358 784 εΩς
400 713 530 779 ἄνω
571 715 679 798 τὴν
726 716 1050 800 μασχάλην
1090 713 1370 798 ,α’ίρωμεν
1423 715 1873 798 ἐμπεπωκότες.

242 798 358 868 Ὡς
405 800 526 882 ἐγὼ
569 802 820 864 πολλῶν
867 798 1145 869 ἀκούσας
1188 801 1333 863 οἶδα
1375 801 1477 862 τὸν
1524 800 1728 886 ψόφον
1782 802 1995 886 θρίων.

235 880 478 968 ’Ὠσπερ
527 885 591 947 αἱ
633 887 908 965 ποῖμναι,
949 883 1141 953 Εένοις
1180 885 1375 968 θύραν
1425 882 1558 969 ἔχει
1592 885 2011 969 τετριμμένην.

235 964 428 1031 (Ὥστε
474 969 584 1032 καί
610 991 694 1030 -σε
732 967 839 1036 τὰς
874 971 1158 1053 χελώνας
1200 974 1515 1053 μακαριεῖν
1559 975 1668 1033 τοῦ
1691 971 2036 1077 δέρματος.

245 1051 504 1137 Ἀγρίου
549 1053 888 1138 βέβρωκας.
923 1051 1168 1136 Ἀγαθὰ
1210 1055 1408 1116 πάντα
1452 1051 1758 1123 Κιλλικῶν
1804 1079 1949 1140 εφη.

239 1139 472 1222 Ἀγρὸς
509 1139 549 1221 ἡ
597 1137 793 1206 πόλις.
839 1135 1028 1206 Πόλις
1076 1140 1144 1202 δὲ
1190 1134 1431 1206 Κέσκος
1475 1139 1588 1202 οὐκ
1633 1138 1868 1224 ἔχουσα
1912 1144 2074 1203 νοῦν.

246 1221 455 1287 Ἀλλὰ
498 1222 582 1305 μὴ
616 1224 791 1305 ὥρας
836 1222 1046 1285 ἵκοιτο.
1090 1221 1195 1306 Μὴ
1247 1222 1469 1305 λόγους
1516 1225 1649 1287 ἀντ’
1696 1225 1991 1308 ἀλφίτων.

235 1306 441 1370 ”Auo
492 1307 600 1391 μὲν
643 1307 943 1369 ποίκιλλε.
987 1304 1134 1375 Τοῖς
1177 1311 1445 1391 νεκροῖσι
1492 1310 1923 1392 συγχρωτίζεο.

242 1388 675 1475 ’Μήδριάντα
716 1392 1117 1476 γαργαλίζεις.
1161 1389 1502 1474 Πηνικίζειν
1550 1393 1655 1475 μοὶ
1699 1395 1916 1461 δοκεῖς.

241 1477 420 1541 ’Am
469 1477 678 1559 Δήλου
713 1476 820 1557 τὴν
862 1473 1244 1560 Καλαυρίαν.
1286 1473 1601 1559 Ὀρίγανον
1653 1476 1883 1562 βλέπει.

241 1558 429 1630 'Aisa
471 1565 581 1623 τοῦ
601 1561 952 1707 Ιβρώματος
991 1561 1179 1624 κύων.
1224 1559 1829 1645 Θύρας,ἁμαρτάνει.

237 1643 558 1729 (Αρπαγαὶ
663 1647 1002 1712 οτυττίοισι.
1049 1642 1175 1729 Τῆς
1220 1644 1611 1728 Παλαιτύρου,
1660 1649 1839 1710 κακά.

239 1728 526 1797 ῗΑττικὸς
564 1729 879 1832 πάροικος.
913 1727 1202 1813 ’Άστροις
1237 1731 1342 1812 τὴν
1395 1731 1538 1793 ὁδὸν
1583 1734 2008 1816 τεκμαίρομεν.

242 1815 454 1879 Αὑτὸν
495 1812 568 1876 οὐ
615 1835 857 1897 τρεφων
887 1815 1074 1883 κύνας
1102 1813 1363 1899 τρέφεις.
1408 1814 1454 1876 Γ
1462 1814 1621 1883 έλως
1645 1817 2072 1901 ,συγκρούσιος.

235 1899 428 1983 Ἀχρι
471 1898 740 1982 χείλους.
765 1894 1106 2000 Κυζικηνὸν
1154 1899 1387 1983 βάμμα.
1432 1897 1709 2005 Μνήμων
1747 1902 2074 1986 συμπότης.

243 1981 665 2066 Βατταρίζειν.
711 1979 966 2047 Μᾶλλον
1012 2007 1050 2066 η
1098 1984 1165 2047 τὸ
1213 1987 1406 2066 γῆρας
1446 1983 1644 2060 ἐκδύς,
1687 1986 1940 2070 ἥδομαι.

244 2065 728 2152 Βιβλιαίγισθος.
769 2067 972 2132 Λάλον
1025 2070 1079 2132 τὶ
1118 2069 1221 2134 καὶ
1258 2067 1627 2154 πυριῤῥαγὲς
1674 2075 1916 2156 ψοφεῖς.

245 2152 507 2216 Γλαῦκα
543 2152 987 2237 Λαυριωτικήν.
1031 2152 1079 2216 Γ
1084 2159 1321 2221 ενναῖος
1367 2154 1435 2217 ἐκ
1475 2156 1864 2239 βαλλαντίου.

243 2236 531 2304 Γλαῦκος
575 2235 764 2304 ἄλλος
812 2238 1217 2323 ἱππόβρωτος.
1264 2235 1373 2308 Εἷς
1415 2239 1583 2315 θεὸς,
1621 2243 1843 2303 πολλοὶ
1888 2244 2075 2327 φίλοι.

243 2320 294 2385 Γ
300 2323 782 2405 λωσσογάστωρ.
832 2318 923 2385 Οὔ
963 2347 1018 2385 τι
1060 2323 1290 2408 ’ραὸίως
1336 2324 1633 2407 ἀληθεύει
1672 2322 1864 2395 Κίλιξ.

246 2404 456 2491 Γραῦς
500 2405 772 2490 χορεύει.
813 2407 1021 2492 Λυδίῳ
1064 2385 1255 2491 νόμῳ.
1301 2405 1526 2478 Κακῶν
1566 2410 1916 2493 πανήγυρις.

245 2488 296 2553 Γ
302 2491 494 2574 υμνὸς
538 2494 623 2558 ὡς
664 2491 733 2553 ἐκ
774 2492 1001 2573 μητρὸς
1047 2491 1121 2554 εἷ.
1152 2491 1384 2555 ’Άκουε
1423 2493 1580 2555 τάπὸ
1627 2494 1901 2576 καρδίας.

245 2573 564 2638 Δαιδάλου
616 2576 911 2660 μάχαιρα.
956 2573 1291 2639 Νουθετῶν
1340 2575 1441 2660 ἐμ’
1488 2575 1671 2644 αὐτὸς
1714 2578 1976 2643 αἰπόλει.

246 2657 520 2764 Δακρύει
564 2657 908 2743 Μεγαρεὺς.
954 2660 1317 2728 Λακωνικὰς
1366 2662 1626 2744 σελήνας
1664 2684 1769 2746 μοι
1807 2663 2022 2747 λέγεις.

244 2738 355 2812 Εἰς
412 2743 729 2827 Αφάννας.
770 2743 986 2828 Ἀγρία
1028 2746 1297 2829 μέλιττα.
1350 2744 1564 2829 Θησαυ
1610 2749 1676 2814 ὸς
1717 2753 1944 2813 κακῶν.

242 2825 528 2912 Ἐμπολὴ
588 2827 911 2892 Φοίνισσα.
955 2827 1094 2915 Βέμ
1140 2854 1268 2901 ικος
1312 2831 1502 2913 δίκην.
1588 2836 1627 2915 ἧ
1677 2828 1931 2917 Κυρνία.
1977 2853 1988 2864 ’

241 2908 456 2980 Ἐντὸς
502 2911 790 2997 ἑβδόμης.
838 2910 990 2976 Νυνὶ
1034 2938 1068 2997 γ
1109 2939 1270 2979 νοιτο
1318 2916 1598 2997 σωθῆναι
1644 2916 1850 2999 μόνον.

241 2992 520 3081 Ἐρῥέτω
559 2996 738 3081 φίλος
785 2996 889 3061 σὸν
935 2998 1418 3086 ἐχθρῷ.“Μέχρι
1462 3006 1567 3083 τῆς
1611 3004 1965 3086 κορωνίδος.

235 3077 355 3143 ’Έσ
404 3102 549 3148 ατος
593 3078 846 3146 Μυσῶν.
907 3080 1345 3152 ΚαταΕανοῦσί
1385 3083 1452 3148 σ’
1487 3087 1575 3153 εἰς
1617 3087 1942 3169 φοινικίδα.

245 3104 421 3235 Εὐθςυ
471 3162 796 3250 Πελλήνης
837 3166 1133 3231 πέτεσθαι
1180 3169 1430 3234 διανοεῖ.
1478 3168 1759 3238 Μυωὲία.

247 3244 505 3319 Εὐνοῶν
547 3251 836 3335 σφάκτης.
888 3249 966 3315 Τί
1007 3253 1235 3337 φάτταν
1286 3254 1416 3316 ἀντὶ
1459 3258 1566 3337 τῆς
1609 3261 1997 3340 περιστερᾶςς

249 3327 446 3418 Εὗρεν
496 3334 534 3395 ἆ
581 3335 775 3404 λοπὰς
803 3338 871 3402 τὸ
916 3342 1126 3418 πῶμα.
1172 3336 1337 3422 Πρὸς
1384 3338 1537 3406 ἅλας
1577 3339 2010 3423 ἠγορασμένοι.

244 3414 444 3503 “Ηλίῳ
483 3419 551 3481 τὸ
600 3424 734 3501 φῶς
773 3422 1084 3493 δανείζεις.
1131 3421 1458 3507 Ἀμφορῆς
1499 3424 1877 3506 νενασμένοι.

243 3498 482 3587 Ἡμένη
528 3505 796 3574 πελειάς.
838 3502 927 3569 Οὐ
977 3507 1297 3570 δάκνουσιν
1354 3507 1412 3570 οἱ
1455 3507 1833 3592 τεθνηκότες.

2430 2131 2452 2242 ιι·
2431 1966 2452 2064 ιο·-
2429 1783 2452 1903 nnn
2426 1490 2452 1743 *anunm
2423 1008 2452 1429 umam—¹0⁹2

2429 2681 2452 2821 ΙῌΙ..
2430 2263 2452 2615 ..millu-13.
