2452 4186
1089 289 1168 347 35

313 456 509 517 Gente
551 475 628 514 ex
675 456 990 513 barbarica
1032 464 1210 533 parta
1248 457 1538 533 trophaea
1576 458 1728 516 tulit.

232 543 423 600 Huius
471 550 534 598 tu
577 541 826 600 soboles
877 541 1089 600 doctas
1133 542 1519 617 amplecteris
1566 553 1750 617 artes,

309 626 473 700 Quas
513 645 706 703 prope
751 626 1057 701 depositas
1101 627 1314 684 ultima
1355 628 1483 685 fata
1528 629 1800 686 trahunt:

233 710 378 771 Cum
420 721 554 769 toto
601 711 814 769 studiis
858 712 1416 769 intermorientibus
1465 714 1632 785 orbe,

310 797 637 854 Barbaries
683 796 830 854 atris
877 797 1044 855 celsa
1084 797 1412 873 triumphet
1455 798 1644 872 equis.

234 880 294 941 Si
329 881 605 957 proavis,
648 879 935 953 Henrice‚
977 882 1097 939 tuis
1142 900 1293 958 gens
1331 883 1588 940 barbara
1624 883 1829 955 cessit,

309 966 633 1024 Barbaries
682 966 861 1023 debet
903 967 1116 1023 cedere
1155 967 1315 1024 victa
1362 967 1488 1025 tibi.

934 1135 1033 1192 36.
1127 1136 1359 1192 Eidem.

232 1218 489 1276 Borboni
535 1218 811 1275 columen
861 1220 1122 1295 generis,
1168 1220 1264 1275 cui
1307 1218 1515 1276 Pallas
1561 1219 1853 1279 honestas

311 1306 492 1360 Artes
541 1304 643 1359 dat
685 1322 898 1378 puer0‚
943 1323 1081 1361 mox
1129 1303 1295 1360 dabit
1334 1321 1502 1360 arma
1544 1303 1703 1375 viro;

233 1387 324 1446 Ne
370 1389 609 1460 mirere,
650 1387 759 1444 tibi
803 1389 855 1445 si
898 1409 1010 1464 pro
1061 1407 1334 1447 sermone
1374 1388 1641 1464 pedestri

311 1472 604 1531 Mittimus
649 1473 982 1548 imparibus
1021 1474 1209 1531 verba
1255 1473 1445 1550 ligata
1486 1472 1703 1531 modis.

234 1557 465 1615 Blanda
509 1558 593 1615 tui
639 1558 784 1614 facit
826 1559 956 1630 hoc,
1007 1576 1160 1632 quae
1205 1576 1314 1616 nos
1359 1558 1545 1628 fovet,
1600 1577 1747 1615 aura
1790 1557 2050 1618 favoris:

313 1643 491 1701 Hanc
530 1643 592 1699 in
638 1652 839 1700 mente
882 1662 1019 1700 mea
1062 1643 1314 1700 ventilat
1354 1643 1461 1701 illa
1504 1644 1718 1700 facem.

236 1727 389 1786 Nam
431 1728 579 1784 mihi
622 1728 826 1785 nescio
866 1728 999 1802 quis
1053 1747 1337 1786 recreans
1380 1728 1442 1784 in
1487 1729 1756 1786 carmina
1800 1730 1960 1788 vires

314 1814 517 1870 Ardor
559 1812 859 1869 amicitiae
906 1814 1098 1889 spirat
1134 1814 1209 1869 ab
1255 1814 1395 1890 igne
1431 1820 1605 1870 tuae:

237 1897 558 1974 Ignotoque
600 1898 779 1955 rudes
822 1890 1165 1973 praetentat
1201 1897 1490 1974 Apolline
1535 1916 1774 1970 sensus,

316 1981 723 2057 Quaecunque
772 1983 919 2040 haec
968 1983 1058 2040 vis
1102 1990 1217 2056 est,
1261 2002 1440 2057 quam
1479 1991 1616 2041 tuus
1663 1983 1832 2041 afflat
1860 2002 2054 2042 amor.

239 2065 364 2125 Nec
409 2087 551 2126 vero
599 2075 859 2125 metuam
906 2087 983 2126 ne
1025 2068 1139 2127 sim
1184 2068 1317 2127 sine
1361 2068 1625 2126 carmine
1669 2077 1863 2141 vates,

315 2154 462 2229 Ipsa
500 2173 696 2210 meum
738 2153 927 2211 virtus
971 2173 1108 2210 nam
1152 2161 1257 2210 tua
1301 2169 1540 2211 carmen
1573 2154 1702 2211 erit.

318 2323 415 2380 37.
514 2325 634 2379 Iac.
700 2323 962 2398 Auqusto
1030 2324 1303 2393 Τὴααπο,
1366 2324 1559 2380 Notas
1612 2326 1674 2380 in
1736 2325 1966 2383 Novum

731 2409 1148 2465 Testamentum
1197 2409 1565 2483 efflagitanti.

241 2490 293 2549 O
333 2493 539 2549 Musas
587 2500 647 2548 et
692 2511 805 2550 nos
846 2492 1026 2567 parili
1072 2492 1429 2567 complexus
1480 2510 1711 2563 amore,

319 2577 626 2634 Musarum
675 2586 733 2634 et
778 2586 1051 2635 nostrum
1097 2576 1293 2648 dulce,
1338 2575 1616 2648 Thuane‚
1666 2577 1884 2647 decus;

238 2660 351 2718 Pro
394 2680 509 2736 quo
553 2681 671 2719 non
716 2662 981 2720 dubitem
1026 2669 1187 2719 totas
1236 2680 1312 2718 ex
1354 2661 1561 2718 ordine
1605 2669 1839 2734 noctes.,

318 2744 616 2806 Noctibus
665 2756 724 2803 et
767 2754 925 2806 totos
971 2747 1325 2804 continuare
1371 2746 1537 2817 dies;

240 2826 390 2901 Quid
435 2850 530 2888 me
574 2831 763 2888 divini
805 2832 937 2889 velo
983 2841 1279 2890 summota
1323 2832 1548 2890 silentii

319 2916 502 2993 Legis
546 2916 942 2992 Apostolicae
988 2925 1235 2993 tangere
1284 2935 1457 2974 sacra
1494 2916 1715 2974 iubes?

237 2999 389 3057 Ecce
433 3002 829 3076 profanorum
872 3001 1140 3060 maculas
1184 3002 1432 3060 abolere
1478 3010 1791 3078 parantem

316 3085 651 3161 Impatiens
689 3087 818 3144 veri
861 3107 987 3144 non
1028 3085 1166 3144 tulit
1208 3087 1455 3144 invidia.

244 3166 477 3229 Scilicet
520 3171 583 3227 in
631 3191 770 3228 vero
816 3191 1020 3230 verum
1060 3172 1363 3247 patienter
1402 3171 1708 3241 amabunt,

321 3253 435 3326 Qui
475 3274 681 3313 verum
712 3257 773 3313 in
812 3257 989 3333 nugis
1035 3276 1153 3314 non
1195 3264 1439 3331 potuere
1483 3255 1625 3330 pati.

240 3336 480 3396 Illorum
524 3341 576 3398 si
621 3340 754 3398 luce
802 3360 913 3399 sua
952 3341 1342 3417 praestringit
1377 3339 1605 3397 ocellos

324 3420 429 3482 Sol
472 3444 666 3498 meus,
703 3435 834 3483 uret
871 3444 979 3485 eos
1028 3427 1124 3485 sol
1170 3444 1341 3483 meus
1384 3426 1525 3502 igne
1566 3443 1698 3483 suo.

1558 3604 1647 3664 3,
