2452 4186
1225 336 1349 397 203

468 500 674 564 οὐκέτι
724 500 1001 584 ἱλαμένη
1022 507 1220 584 γεῖτον
1248 501 1508 584 ·ἐση’λαθ
1525 501 1538 520 '
1591 501 1757 586 ὕδωρ

379 587 595 669 πείρην
638 587 1058 669 δειμαίνουσα.
1107 588 1182 650 τὰ
1222 586 1282 650 δ’
1332 588 1526 649 ὕδατα
1569 609 1664 669 μιν
1712 585 2057 668 κατέλεγξε.

469 670 706 756 στίλβεν
750 671 864 754 γὰρ
910 673 1013 734 καὶ
1060 672 1175 754 ὅλη
1219 672 1449 756 κύμασι
1492 670 1900 755 κρυπτομένη.

381 754 561 838 λείρι’
608 756 672 817 ἐν
719 756 990 824 ὑαλινοῖς
1029 757 1397 839 διακρίνεται
1427 756 1670 838 ἄγγεσιν
1714 756 1901 831 οὕτω,

340 896 347 901 .
465 839 844 923 κρύσταλλος
886 864 951 903 τε
997 840 1207 904 λαθεῖν
1255 842 1367 904 οὐκ
1414 841 1530 924 ἐάᾳ
1570 841 1644 903 τὰ
1688 839 1863 923 ῥόδα.

381 924 589 992 εἰσδὺς
627 925 750 1006 ἐγὼ
794 926 862 987 τὸ
907 928 1157 1009 λοετρὸν
1199 925 1602 1008 ἀναινομένην
1651 925 1936 1009 ἐφίλησα.

468 1013 575 1071 τοῦ
623 1010 693 1072 δὲ
735 1009 924 1072 πλέον
969 1014 1199 1094 τολμᾷν
1248 1011 1407 1096 εἶρξε
1454 1010 1700 1092 διαυγὲς
1746 1010 1933 1093 ὕδωρ.

387 1182 557 1253 1,62.
600 1177 905 1262 Σώφρων,
956 1179 1104 1242 οὐδὲ
1136 1182 1331 1243 πάλαι
1360 1184 1610 1264 σεμναῖς
1638 1178 1894 1241 ε’ίκουσα
1924 1177 2214 1264 Σαβίναις

467 1263 746 1348 Λαιβίνη,
794 1269 1100 1347 στρυφνοῦ
1144 1265 1202 1326 τ’
1250 1267 1472 1348 ἀνδρὸς
1517 1262 1937 1347 ἀτεγκτοτέρη,

384 1348 636 1432 συχνάκι
682 1348 993 1432 Λουτρίνῳ
1033 1350 1135 1411 καὶ
1168 1349 1412 1435 Ἀόρνῳ
1455 1346 1826 1433 ἐνεψιόωσα,

463 1432 566 1494 καὶ
612 1432 866 1515 θερμοῖς
911 1429 1122 1495 Βαϊῶν
1172 1434 1354 1497 ῦδασι
1391 1431 1778 1516 θαλπομένη,

380 1514 558 1600 ξείνῳ
596 1513 780 1600 ἔρωτι
824 1518 1013 1600 δάμη,
1059 1517 1160 1580 τόν
1205 1519 1264 1580 τ’
1311 1518 1504 1600 ἄνδρα
1545 1520 1833 1591 λιποῦσα,
1875 1515 1998 1600 νέῳ
2038 1515 2148 1598 μὲν

468 1601 714 1677 ἕσπετο,
760 1600 1090 1686 Πηνελόπη
1133 1601 1197 1664 δ’
1246 1603 1460 1687 ἦλθεν,
1498 1600 1735 1684 ἀπῆλθ’
1770 1598 2020 1682 Ἑλένη.

387 1771 600 1846 12,52.
651 1768 952 1852 στέμμασι
993 1768 1260 1854 Πιερίοις
1306 1770 1551 1839 εἰωθὼς
1582 1774 1776 1854 κρᾶτα
1814 1771 2126 1845 πυκάζειν,

464 1857 502 1936 ἡ
545 1855 837 1921 πελάταις
876 1856 1113 1938 γνωστὴ
1159 1859 1413 1937 γλῶσσα
1459 1854 1882 1937 διωκομένοις,

381 1943 586 2006 κεῖνος
625 1939 657 2001 ὁ
697 1941 803 2006 σὸς
829 1936 1128 2023 Ῥοῦφος,
1175 1940 1569 2023 Σεμπρωνία,
1615 1939 1838 2001 ἐνθάδε
1881 1943 2094 2013 κεῖται,
2189 1988 2194 1992 .

470 2021 542 2086 οὗ
582 2023 685 2085 καὶ
726 2045 806 2089 πυ
851 2029 1066 2086 σοῦται
1105 2027 1374 2110 λείψανα
1424 2028 1552 2087 σεῖο
1600 2022 1800 2108 πόθῳ.

376 2109 634 2192 τερπνὸς
675 2108 736 2170 ἐν
774 2046 1052 2194 ’ἓλυσίῳ
1090 2112 1289 2195 πεδίῳ
1333 2110 1713 2194 θρυλλισμὸς
1759 2109 2025 2177 ἀκούεις.

469 2198 578 2255 σοῦ
620 2216 685 2255 τε
725 2196 878 2275 πρὸς
922 2195 960 2256 ἁ
1001 2197 1242 2278 παγμὸν
1292 2192 1601 2278 Τυνδαρὶςι
1639 2195 1966 2277 ἐξεπλάγη.

380 2276 605 2341 νόστου
655 2278 709 2340 δ’
760 2277 952 2361 ἐμνήσ
999 2302 1073 2361 ης
1121 2280 1189 2342 σὺ
1236 2282 1338 2341 τὸν
1388 2281 1749 2363 ἁρπακτῆρα
1791 2281 2073 2340 λιποῦσα.
2187 2313 2193 2318 ·

467 2365 506 2444 ἡ
563 2361 623 2425 δ’
669 2363 789 2446 οὐχ
830 2362 1051 2425 ἕσπετο
1097 2387 1194 2444 μιν
1235 2365 1444 2447 τάνδρὶ
1497 2362 1956 2446 μετερχομένῳ.

373 2444 684 2514 Ἰλιακοὺς
724 2446 963 2527 γελόων
1012 2448 1133 2510 ἀΐει
1176 2446 1504 2514 Μενέλαος
1550 2446 1805 2530 ἔρωτας.

468 2534 570 2595 τὸν
617 2531 814 2636 Φρόγ’
868 2530 1172 2594 ἀθωώσαι
1217 2531 1278 2594 δ’
1331 2532 1573 2614 ἁρπαγὴ
1625 2530 1912 2613 ὑμετέρη.

383 2617 524 2678 ἀλλ’
576 2615 755 2680 ὅποτ’
804 2615 1114 2701 εὐσεβέων
1157 2618 1226 2679 σὲ
1277 2616 1590 2685 δεδέξεται
1637 2615 1825 2687 οἶκος,
1884 2614 2127 2682 ἁπάσας

471 2701 717 2785 μέλλεις
760 2700 869 2769 τὰς
912 2702 1116 2785 ψυχὰς
1159 2702 1323 2764 κεῖθι
1366 2702 1861 2786 παρευδοκιμεῖν.

382 2783 749 2870 Περσεφόνη
793 2786 1108 2868 πεφίληκ’,
1155 2786 1268 2849 οὐκ
1315 2786 1606 2870 ἀλλοτρίη
1654 2808 1773 2869 σφε
1815 2783 2151 2869 βλέπουσα,

471 2871 803 2956 ἁρπακτάς.
850 2871 949 2934 ὅδ’
995 2869 1154 2955 ἔρως
1195 2874 1293 2933 σοὶ
1338 2872 1597 2955 φιλίωσε
1635 2871 1807 2934 θεάν.

387 3045 417 3103 1
431 3042 487 3116 4,
510 3043 648 3103 175.
661 3040 849 3116 τίπτε,
868 3039 1032 3103 θεῶν
1054 3041 1330 3124 βασιλεῦ,
1348 3041 1557 3122 Δανάη
1575 3037 1635 3100 σ’
1654 3038 1957 3122 ἐπράξατο
1973 3036 2214 3120 μισθόν,

469 3129 576 3208 τῆς
620 3124 848 3207 Λήδας,
894 3122 1040 3199 Ζεῦ,
1098 3125 1193 3186 σοὶ
1243 3130 1468 3209 προῖκα
1512 3121 1959 3208 χαριζομένηςς

393 3298 653 3371 14,180.
702 3296 967 3379 ὤφελες,
1006 3293 1333 3355 ἀθανάτων
1359 3292 1648 3374 γενέτωρ,
1694 3290 1757 3359 ἐς
1783 3295 2003 3375 ταῦρον
2044 3291 2213 3373 ἀμεῖ-

376 3395 399 3405 '
469 3385 577 3463 τῆς
612 3379 770 3448 Ἰοῦς
809 3379 895 3446 εἰς
935 3380 1081 3463 βοῦν
1131 3380 1235 3440 σοί
1272 3378 1411 3439 ποτ’
1464 3375 1897 3461 ἀμειβομένης.
2008 3374 2215 3459 [φθαι,

395 3550 654 3623 14,187.
698 3548 814 3632 ἥδε
855 3547 1148 3631 νεηνιέων
1186 3544 1495 3630 πρωτίστη
1551 3545 1792 3616 ἔπαιξεν
1843 3542 2095 3625 ἔρωτας.
