2452 4186
1102 313 1229 373 373

246 484 552 542 -Immanes
592 482 840 559 indepte
881 501 920 541 a
959 482 1118 555 Diis,
1163 481 1549 543 Salisubsule
1589 482 1795 557 Liber,
1857 525 1860 528 ι

248 570 497 627 Mavors
536 566 861 640 Nerienes,
907 567 1167 626 Volcani
1209 569 1449 645 purima
1489 567 1712 627 virtus:

249 655 327 713 Et
363 652 503 710 Dea
537 651 914 730 Spumigena
950 673 1148 711 rerum
1187 653 1423 711 infinita
1465 653 1761 728 potestas.

252 740 330 797 Et
373 745 437 795 tu
484 738 669 796 etiam
689 738 1092 814 omnipotens,
1132 739 1273 797 Rex
1292 738 1556 797 maxime
1579 736 2077 797 Summanorum:

249 823 413 882 Diva
454 823 731 895 Iuventa,
781 823 1084 896 Parunda,
1124 824 1374 882 neronis
1417 822 1670 881 numina
1713 821 1923 902 Sangi,

250 907 555 967 Iustitiam
596 916 931 986 augustam,
969 917 1148 984 atque
1189 916 1509 987 augustam
1545 908 1865 981 Pietatem,

254 994 571 1065 Obtestor,
616 1012 925 1070 pusasque
964 994 1125 1053 viras
1167 1002 1228 1051 et
1269 994 1519 1051 numina
1558 993 1776 1066 Fauni,

253 1078 670 1153 Iunonemque
716 1097 954 1144 sacram
998 1080 1170 1137 Iovis
1217 1075 1635 1154 omnipotenti'
1680 1081 1980 1152 maritam,

250 1163 788 1238 Mammuriamque
810 1163 1032 1221 almam
1056 1184 1184 1237 oro,
1209 1163 1704 1238 Novensilesque
1753 1162 2078 1236 Camenas,

254 1248 753 1324 Temperiasque,
795 1249 1307 1324 Venustatesque,
1349 1248 1637 1324 Annique
1672 1248 1940 1308 labores.

252 1333 558 1392 Latonum
608 1333 1008 1391 cincinnatam
1059 1355 1191 1407 oro,
1239 1339 1299 1391 et
1343 1334 1627 1391 Murtiam
1666 1352 2006 1407 amoenam,

251 1418 598 1495 Armigeros
647 1416 869 1491 Salios,
916 1419 1328 1491 Lucumones,
1374 1417 1886 1493 Grunduliosque,

250 1507 450 1577 Atque
494 1511 676 1579 potes
721 1502 942 1576 Divos,
985 1505 1152 1562 Iovis
1197 1503 1541 1562 immortale
1583 1522 1969 1581 propagmen.

248 1588 575 1662 Idaiosque
624 1586 941 1661 Camillos,
992 1599 1052 1646 et
1091 1590 1391 1665 sirempse
1434 1588 1700 1646 Deorum

237 1673 615 1731 -Mercurium
653 1691 997 1746 accensum,
1059 1682 1119 1731 et
1159 1674 1367 1732 Iuritis
1411 1674 1872 1746 cortumionem‚

251 1758 334 1816 Et
375 1765 611 1815 noctem
655 1758 876 1815 Maiam
921 1760 1210 1831 obtestor,
1249 1758 1566 1833 lucemque
1604 1758 1753 1817 dieiz

238 1843 413 1900 -Tum
457 1842 713 1915 Fidiam,
768 1853 890 1901 tum
934 1843 1053 1902 Fas
1103 1853 1163 1901 et
1204 1845 1447 1902 Fastam
1493 1844 1624 1900 iura
1669 1843 1994 1901 datantem.

252 1926 698 2002 Saturnumque
737 1936 797 1986 et
838 1929 1071 2004 Opem,
1116 1929 1396 2005 pallaque
1436 1928 1736 1986 Veniliam
1778 1928 2079 1999 amictam,

254 2013 685 2086 Oceanumque
729 2032 883 2072 voco
931 2033 1238 2092 magnum,
1285 2014 1639 2090 Oceanique
1671 2013 1931 2089 puellas,

251 2100 333 2157 Et
369 2099 533 2158 vires
568 2098 945 2173 Telamonis,
986 2109 1046 2158 et
1085 2101 1241 2159 Aevi
1283 2100 1527 2159 saecula
1565 2100 1758 2173 fessa,

253 2184 647 2261 Tempusque
673 2193 1197 2260 aeternum‚atque
1218 2186 1464 2262 paludis
1488 2186 1761 2262 sagmina
1778 2187 2078 2244 Avernae.

251 2269 743 2343 Mulciberosque
781 2268 978 2342 Deos,
1018 2270 1340 2345 lumenque
1378 2270 1613 2329 illustre
1658 2271 1957 2341 Monetae,

249 2354 334 2412 Et
359 2355 602 2412 Manum
619 2353 901 2426 Genium,
921 2362 1101 2428 atque
1117 2355 1334 2412 Inuum
1362 2354 1706 2413 mortalium
1727 2354 2079 2427 homonum,

250 2438 695 2513 Coelestesque
738 2440 921 2498 Ioves
964 2447 1145 2515 atque
1190 2439 1442 2512 Aerios‚·
1473 2446 1535 2495 et
1580 2441 1915 2513 Aquantes,
2017 2459 2025 2467 ·

250 2524 606 2583 Terrestres
644 2525 846 2597 etiam,
902 2533 964 2582 et
1004 2522 1367 2584 Summanos
1418 2523 1826 2601 Igniviosque‚

250 2610 337 2667 Et
378 2606 703 2682 Semelam,
751 2618 811 2667 et
846 2609 1056 2668 Brumi
1096 2610 1375 2667 sanantes
1415 2609 1531 2666 rite
1576 2610 1874 2667 cohortes.

250 2695 548 2766 Matutam
585 2695 963 2767 Albumeam,
1000 2695 1512 2769 Portumnumque
1551 2694 2041 2769 omnipotentem.

252 2780 337 2837 Et
379 2777 672 2837 Graecam
712 2778 1050 2853 Nemesim,
1098 2788 1159 2838 et
1199 2799 1425 2837 numen
1467 2779 1776 2837 Victoriae
1825 2778 1996 2836 Aiae.

251 2862 391 2922 Nec
431 2882 551 2921 non
593 2865 893 2939 patrinum
931 2865 1261 2924 coelestem
1297 2865 1683 2939 Aesclapium
1722 2864 1997 2921 amicum.

252 2950 337 3007 Et
378 2950 850 3025 perterricrepae
891 2970 1057 3008 arma
1098 2951 1430 3022 Minervae,
1476 2957 1538 3007 et
1573 2949 1815 3007 flamina
1848 2948 2044 3019 bruta,

251 3033 656 3108 Fulminaque
688 3044 865 3109 atque
903 3042 1116 3112 arguta
1140 3036 1352 3109 quadri
1388 3034 1791 3095 modulamina
1811 3032 2042 3105 Mundi,

252 3120 577 3192 Maesium,
628 3119 980 3193 Casuarem,
1023 3120 1250 3178 Divum
1295 3121 1650 3194 Latiamque
1685 3126 2017 3195 parentem,

255 3203 724 3281 caelestemque
738 3203 1120 3277 Lubentiam,
1145 3212 1206 3263 et
1229 3205 1555 3282 indigetem
1570 3205 1767 3262 Deum
1785 3203 2082 3263 Adonem.

253 3289 638 3366 Principium
669 3298 731 3347 et
751 3292 955 3363 finem,
984 3309 1244 3364 namque
1271 3290 1374 3348 ille
1407 3298 1502 3348 est
1525 3285 1790 3348 omnibu'
1828 3296 2041 3349 totum.

343 3374 484 3433 Hos
525 3376 703 3434 mites
744 3393 965 3452 precor
1003 3375 1431 3434 adventassere
1480 3376 1727 3433 numine
1767 3374 1931 3434 laeto

254 3460 357 3520 Ad
399 3478 535 3517 mea
576 3461 840 3533 Februa,
877 3468 939 3517 et
973 3460 1176 3517 inferii
1215 3457 1504 3519 libamina
1550 3459 1725 3518 sacri.
1785 3504 1788 3507 .

346 3545 640 3605 Obtestor
680 3545 948 3604 Triviam
989 3544 1285 3604 Deianam
1334 3543 1843 3622 caeligenamque
