2452 4186
1089 288 1164 347 61

236 449 407 514 ἄστεα
453 456 563 532 τῆς
611 451 762 534 ἰδίης
807 454 1022 536 χρείης
1062 455 1241 537 χάριν
1286 448 1557 536 ἔμπορος
1591 453 1786 517 εἶδεν·

305 536 655 619 Δουσιοίδης
692 541 898 619 κοινῆς
945 539 1105 622 ἀμφὶ
1146 537 1500 621 βιωφελίης.

912 628 1077 683 Idem
1118 626 1349 684 Latine.

230 708 569 768 Dousiades
613 710 812 786 patria
852 712 1088 787 patriae
1134 712 1473 781 studiosus,
1519 720 1750 771 amator

300 793 527 864 Patris,
576 794 863 853 sustinuit
904 804 1080 872 patre
1124 815 1331 854 carere
1375 815 1510 868 suo,

231 879 462 956 Oppida
508 879 888 956 perlustrans
933 900 1068 939 erro
1113 882 1461 958 peregrina,
1507 890 1755 957 paratus

300 964 511 1040 Usque
558 964 635 1021 ad
675 964 949 1041 Ripaeos
996 966 1243 1023 tendere
1280 966 1740 1043 Hyperboreos.

227 1049 519 1108 Mercator
563 1049 779 1125 cupide
827 1052 1195 1126 sapiensque
1240 1060 1521 1128 vagatur:
1566 1059 1629 1108 at
1664 1052 1835 1110 illum

301 1134 494 1212 Urget
541 1153 747 1211 opum,
795 1135 955 1192 hune
991 1136 1195 1193 variae
1241 1137 1609 1213 cognitionis
1659 1157 1847 1196 amor.

226 1218 541 1295 Diversum
591 1220 891 1279 meditans
939 1222 1244 1279 sententia
1288 1222 1482 1299 surgit
1529 1221 1784 1298 utrique.

301 1303 434 1362 Nec
476 1323 650 1363 mens
696 1324 814 1362 una
858 1305 1006 1377 illis,
1055 1306 1135 1364 sit
1173 1306 1318 1363 lieet
1358 1325 1481 1363 una
1523 1307 1640 1362 via.

224 1391 617 1448 Mercatorem
665 1391 846 1448 urbes
890 1391 1165 1466 privatus
1210 1391 1412 1448 visere
1454 1398 1728 1464 questus,

298 1473 555 1532 Publica
600 1474 959 1533 Dousiaden
1004 1474 1243 1551 impulit
1285 1475 1537 1534 utilitas.

768 1720 1156 1798 FUNEMJM
1204 1720 1481 1799 mmm„

232 1892 279 1947 1.
367 1893 615 1968 Eleqia,
665 1894 727 1948 in
790 1891 861 1949 V.
913 1891 974 1949 C.
1037 1890 1430 1966 Christophmi
1485 1892 1740 1962 Thuam',
1796 1891 2048 1950 Senatus

846 1977 1139 2052 Principis
1176 1977 1409 2034 obitum.

227 2057 287 2120 Si
330 2061 467 2138 quis
507 2061 703 2119 adhue
746 2062 975 2139 hospes
1029 2069 1306 2120 nostrum
1349 2060 1514 2119 videt
1554 2061 1769 2120 ordine
1809 2061 1997 2141 longo

299 2147 534 2219 Funus,
583 2155 643 2205 et
683 2154 914 2205 atratos
962 2156 1213 2223 pectora
1252 2155 1493 2205 moesta
1530 2146 1777 2207 Patres:

222 2229 314 2289 Ne
358 2240 594 2290 tantum
639 2251 948 2308 pompam,
991 2250 1103 2289 neo
1146 2251 1264 2291 nos
1309 2234 1560 2289 miretur
1594 2234 1673 2290 ab
1712 2234 1839 2291 illa.

300 2319 616 2393 Exequias
661 2318 891 2376 meritis
939 2317 1223 2375 aestimet
1263 2316 1368 2374 ille
1411 2317 1585 2375 meis.

222 2404 474 2480 Magnus
525 2422 638 2479 ego
682 2403 921 2480 magnis
964 2402 1152 2460 orior:
1197 2420 1391 2475 neque
1428 2420 1585 2459 nunc
1611 2403 1759 2460 mihi
1783 2404 2042 2479 primum

304 2488 631 2561 Quaesitas
671 2488 848 2546 nosci
893 2487 1149 2564 contigit
1183 2487 1344 2543 inter
1380 2504 1546 2562 opes.

219 2572 432 2631 Debeo
479 2580 753 2644 naturae,
801 2573 964 2647 quod
1004 2592 1129 2629 non
1165 2590 1410 2643 casuve,
1458 2589 1656 2645 neque
1694 2571 1837 2631 ullis

298 2659 602 2717 Fortunae
645 2676 901 2733 possum
950 2656 1172 2715 clarior
1206 2649 1351 2714 esse
1400 2656 1600 2715 bonis.

219 2744 316 2801 Me
361 2743 481 2801 sibi
522 2742 812 2799 iuridicae
860 2750 1005 2819 toga
1047 2741 1315 2800 vindicat
1357 2760 1478 2798 una
1519 2740 1850 2814 Minervae,

301 2830 380 2886 Et
409 2848 612 2885 rerum
660 2827 890 2884 domini
932 2828 1130 2904 gloria
1168 2829 1367 2903 prima
1403 2827 1540 2884 fori.

217 2911 354 2970 Non
400 2921 607 2970 tamen
651 2921 711 2970 et
755 2921 981 2969 temere
1021 2921 1222 2971 tantas
1262 2912 1630 2989 accingimur
1663 2919 1848 2984 artes,

302 2997 436 3056 Neo
479 2998 729 3055 terimus
772 2997 939 3074 vulgi
980 3017 1169 3073 prava
1213 2997 1525 3071 sequentis
1565 2998 1698 3054 iter.

217 3081 351 3140 Nee
397 3102 510 3141 vos
555 3082 885 3159 polluimus
933 3091 1180 3141 sanetae
1223 3091 1362 3139 mea
1402 3082 1652 3139 numina
1692 3080 1883 3157 leges.

300 3168 630 3226 Attulimus
676 3187 861 3244 puras
913 3168 991 3225 ad
1040 3185 1217 3224 saera
1259 3174 1461 3224 vestra
1505 3185 1739 3224 manus.

220 3251 549 3310 Interdicta
589 3253 758 3326 viris,
804 3253 924 3311 nisi
969 3272 1127 3328 quos
1173 3252 1449 3309 doctrina
1490 3251 1756 3322 vocavit,

306 3338 592 3414 Irrumpit
631 3338 832 3414 legum
870 3338 1085 3394 limina
1128 3355 1306 3395 saera
1347 3356 1516 3413 puer.

225 3424 279 3480 A
312 3423 591 3481 tirocinio
637 3422 902 3500 linguae,
954 3423 1281 3497 primisque
1330 3421 1638 3498 magistris

196 3561 207 3568 ,
309 3505 592 3567 Protinus
631 3508 912 3585 ancipitis
957 3507 1178 3565 transit
1225 3506 1304 3564 ad
1347 3523 1517 3564 arma
1554 3505 1693 3564 fori.
