2452 4186
1231 279 1350 339 136

375 442 515 514 Τὼς
557 444 744 511 κύνας
782 443 1039 526 ὥλαφος
1082 441 1267 507 ἕλκει.
1299 441 1488 526 Ὑπὲρ
1517 442 1758 528 βαθμὸν
1782 442 1950 507 πόδα
1967 444 2205 508 τείνειν.

356 526 572 614 (Ὕβρις
615 527 853 613 ἔρωτας
896 526 1099 590 ἔλυσε.
1144 527 1291 596 Διὸς
1327 528 1507 610 γάλα.
1558 526 1702 610 epi&
1750 527 1870 590 ἀνὰ
1909 528 2157 612 μέσσον.

358 611 573 697 ’Ύδωρ
619 614 680 676 ἐν
722 609 932 693 Κυνάγ
975 634 1014 695 ᾳ
1050 611 1165 695 γὰρ
1214 612 1565 696 ἐλεύθερον.
1605 609 1707 675 Ἐν
1756 615 1946 697 καρὸς
1990 612 2160 698 αἴσῃ.

356 696 472 761 ’Ὗν
517 697 858 782 Ἀφροδίτῃ
943 696 1153 763 θυσας.
1182 690 1364 779 “Apa
1407 696 1661 780 πρόσσω
1706 697 1809 762 καὶ
1856 698 2116 762 ὀπίσσω.
2221 713 2230 718 ’

376 783 628 846 Φελλοῦ
666 779 1061 864 κουφότερος.
1123 778 1215 844 Τὰ
1257 782 1588 865 γράμματα
1629 779 2161 868 Βελλεροφόντης.

376 867 666 934 Φοίνικος
710 866 1140 949 σπανιώτερος.
1186 866 1362 949 Αὕτη
1407 871 1509 930 νῦν
1557 866 1748 950 σοφία
1796 870 1892 949 ζῇ.

375 952 709 1036 Φρουρεῖν,
747 950 785 1032 ἢ
833 952 1138 1015 πλουτεῖν.
1182 949 1304 1013 Σὺν
1355 955 1445 1035 τῷ
1493 951 1627 1014 κυνὶ
1666 952 1769 1014 καὶ
1809 953 1912 1014 τὸν
1960 953 2201 1035 ἱμάντα.

373 1032 758 1123 Χειροδίκαι.
789 1030 1109 1097 Ῥοπάλου
1157 1040 1381 1098 πεινῶν
1428 1034 1568 1103 ὄνος
1618 1035 1732 1098 οὐκ
1785 1036 2073 1119 ἀλεγίζει.

374 1116 533 1187 Χῖος
573 1121 726 1204 πρὸς
770 1116 974 1181 Κῶον.
1024 1116 1267 1182 Πολλαὶ
1309 1120 1489 1187 κυνὸς
1536 1119 1794 1205 ἄρσενος
1834 1120 2026 1184 εὐναί.

374 1200 600 1287 Χοῖροι
645 1204 822 1288 μητρὶ
869 1202 1115 1267 ἕπεσθε.
1158 1200 1396 1288 Μέχρις
1444 1205 1664 1289 βωμοῦ
1712 1205 1890 1289 φίλος
1933 1206 2078 1290 εἰμὶ.

374 1284 858 1374 Χρηστολογεῖν.
898 1284 1232 1371 Ὑπόδημα
1260 1290 1454 1357 ποδὸς
1482 1288 1639 1351 κατὰ
1665 1291 1769 1352 τὸν
1804 1288 1986 1372 λόγον
2020 1288 2201 1353 ἔστω.

374 1366 622 1456 Χύτραν
661 1373 1014 1439 ποικίλλεις.
1061 1368 1137 1435 ‘O
1181 1375 1393 1457 φυγὼν
1446 1373 1637 1454 μύλον
1693 1372 1920 1458 ἄλφιτα
1966 1374 2203 1460 φεύγει.

376 1454 667 1540 Ψύραθεν
711 1455 1029 1520 Διόνυσον.
1060 1457 1297 1521 ’Άκυυε
1328 1462 1437 1520 τοῦ
1468 1458 1621 1520 ὠτία
1644 1457 1900 1542 τέσσαρ’
1930 1457 2200 1544 ἔχοντος.

368 1538 478 1610 Ὡς
521 1543 709 1625 λευκὴ
757 1541 997 1625 στάθμη
1047 1545 1254 1626 λευκῷ
1297 1541 1473 1626 λίθῳ.
1514 1541 1695 1605 Αὸτὰ
1736 1542 1824 1604 δι’
1871 1543 2097 1609 αὐτῶν.

365 1623 479 1694 “Ως
521 1625 707 1694 τέττιξ
752 1631 1004 1708 πρῶκας
1044 1625 1419 1707 σιτούμενος.
1464 1626 1920 1711 Ἀλφεσίβοιαι.

356 1705 596 1794 (Ὠσπερ
643 1709 950 1793 κογχύλην
994 1712 1236 1857 διελιὲιν.
1294 1710 1717 1793 Ἀπόγλουτος
1760 1712 2073 1798 ὑπάρχεις.

1047 1795 1131 1856 ἀπ
1219 1796 1281 1857 ἰα
1372 1797 1535 1858 είων.

354 1876 446 1942 “A
490 1879 589 1940 δεῖ
629 1877 937 1963 γενέσθαι,
982 1884 1174 1943 ταῦτα
1213 1796 1696 1963 καιῒβγενήσεται.

354 1961 445 2026 “A
490 1961 634 2043 σύγε
682 1966 898 2038 ποιεῖς,
948 1964 1028 2046 μὴ
1075 1969 1267 2027 ταῦτα
1306 1965 1539 2047 νεμέσα
1572 1966 1699 2032 τοῖς
1736 1963 1950 2034 πέλας.

363 2046 538 2130 Ἀγει
582 2048 652 2111 δὲ
690 2049 843 2131 πρὸς
887 2052 1021 2131 φῶς
1055 2049 1161 2153 την
1208 2049 1512 2133 ἀλήθειαν
1556 2047 1723 2122 θεός.
1957 2044 1964 2052 Β

364 2131 871 2215 Ἀγεωμέτρητος
915 2133 1101 2195 ἐνθάδ
1179 2133 1385 2203 οὐδεὶς
1428 2135 1656 2197 εἰσίτω.

365 2214 566 2298 Ἀγὼν
605 2217 777 2299 φιλία
814 2239 881 2278 τε
924 2216 1234 2301 πρόφασιν
1266 2219 1380 2282 οὐκ
1421 2218 1791 2302 ἐπιδέχεται.

368 2298 623 2383 Ἀγνοεῖ
665 2298 726 2363 δ>
772 2301 1010 2386 ἀράχνη
1065 2303 1291 2370 παῖδας
1338 2308 1424 2373 ὡς
1459 2302 1838 2366 παιδεύεται.

459 2386 750 2470 θρέψασα
790 2387 905 2469 γὰρ
953 2385 1244 2470 τέθνηκεν
1291 2390 1407 2454 ὑπὸ
1454 2393 1574 2451 τῶν
1619 2388 1949 2471 φιλτάτων.

369 2469 508 2533 Ἀεὶ
549 2470 663 2554 γὰρ
711 2468 778 2533 εὖ
814 2471 1130 2534 πίπτουσιν
1183 2474 1242 2535 οἱ
1286 2474 1434 2541 Διὸς
1474 2474 1671 2557 κύβοι.

365 2554 504 2618 Ἀεὶ
542 2556 814 2638 γεωργὸς
861 2555 947 2623 εἰς
989 2555 1189 2619 νέωτα
1234 2558 1550 2625 πλούσιος.

365 2638 499 2702 ῗΑεὶ
546 2642 794 2705 κολοιὸς
830 2640 999 2723 παρὰ
1038 2644 1286 2718 κολοιὸν
1335 2644 1543 2713 ἱζάνει.

365 2722 668 2805 Ἀηδόνες
716 2722 1029 2807 λέσχαισιν
1080 2726 1519 2809 ἐγκαθήμεναι.

360 2806 600 2871 Ἀθυτα
646 2808 703 2869 δ”
754 2807 889 2890 ἱερὰ
924 2811 1223 2878 πολλάκις
1260 2811 1587 2874 κατεσθίει.

359 2891 574 2959 ’ἴΑθως
615 2891 912 2954 καλύπτει
953 2893 1194 2975 πλευρὰ
1236 2894 1510 2978 Λημνίας
1557 2894 1720 2981 βοός.

358 2976 575 3046 ’Άθως
615 2978 846 3047 σκιάζει
891 2981 1057 3040 νῶτα
1100 2979 1375 3062 Λημνίας
1416 2980 1586 3049 ἁλός.

374 3060 554 3124 Αἰτεῖ
590 3084 661 3145 γε
706 3063 809 3124 καὶ
850 3061 993 3129 τοὺς
1036 3062 1400 3147 ἀνδριάντας
1441 3064 1689 3149 ἄλφιτα.

362 3143 615 3229 Ἀκλητὶ
659 3148 1053 3230 κωμάζουσιν
1101 3149 1188 3216 εἰς
1233 3150 1429 3232 φίλων
1471 3150 1661 3234 φίλοι.

357 3227 612 3313 Ἀκμων
659 3231 939 3314 μέγιστος
982 3230 1054 3294 οὐ
1107 3235 1391 3318 φοβεῖται
1442 3232 1586 3302 τοὺς
1632 3234 1896 3319 ψόφους.

357 3309 571 3397 Ἀκρῳ
619 3315 689 3377 δὲ
730 3318 1008 3400 κεφαλὴν
1052 3319 1360 3400 κνώμενοι
1405 3323 1494 3403 τῷ
1540 3320 1848 3403 δακτύλῳ.

365 3395 682 3460 “Αλίσκετ”
723 3397 843 3483 ἄρα
888 3403 991 3465 καὶ
1033 3404 1188 3485 πρὸς
1233 3404 1514 3466 ἀσθενῶν
1555 3404 1766 3487 ταχὺς,

451 3482 553 3545 καὶ
584 3485 738 3568 πρὸς
777 3488 1060 3569 χελώνης
1095 3488 1277 3557 ἀετὸς
1316 3487 1377 3550 ἐν
1429 3488 1656 3572 βραχεῖ
1688 3486 1918 3572 χρόνῳ.
