2452 4186
983 319 1188 411 ὑ,331

217 485 461 544 Efflant.
508 487 754 563 Agesis,
795 490 1064 564 quisquis
1108 491 1335 549 amicus

218 571 381 629 Ades
422 570 522 627 hic
567 591 882 646 praesens,
929 594 1216 651 propera,
1264 594 1474 632 curre:

214 655 504 731 Impende
546 657 678 714 viro
732 658 875 716 forti
913 659 1191 718 officium.
1556 732 1562 736 y

214 745 304 800 Ac
343 759 525 798 nemo
568 742 831 815 quidem,
875 746 1048 817 queis
1092 747 1335 820 loquor,
1380 746 1586 800 horum

215 827 402 883 Aiace
449 825 564 882 fuit
608 827 822 886 melior
865 830 975 886 vir.

218 909 325 969 Ch.
419 910 615 986 Quam
663 914 854 970 multa
893 915 1039 973 viris
1083 915 1224 972 licet
1268 912 1538 989 expertis

216 996 474 1053 Temere
521 996 776 1055 discere.
825 1000 934 1056 sed
976 1000 1334 1075 inexpertus

215 1080 567 1158 Praesagus
612 1101 790 1141 nemo
837 1084 1020 1141 futuri
1066 1093 1177 1143 est.

572 1303 1138 1406 trcorflnoms
1190 1326 1683 1403 cASSANmtA.

218 1496 631 1570 Quaecunque
670 1499 897 1572 posciS,
940 1498 1147 1555 ultima
1189 1516 1268 1555 ex
1316 1496 1550 1572 origine

214 1580 409 1639 Plane
450 1582 783 1657 expedibo:
831 1583 940 1641 sed
984 1592 1186 1641 tamen
1225 1582 1531 1657 prolixius

214 1666 444 1724 Parcas
475 1666 782 1741 loquenti:
829 1688 952 1726 non
1003 1668 1161 1725 enim
1199 1667 1395 1743 virgo,
1436 1675 1503 1722 ut
1548 1664 1740 1741 prim,

217 1750 447 1811 Secura
489 1752 668 1810 solvit
710 1753 1031 1828 multiplex
1077 1771 1146 1810 os
1186 1752 1536 1822 carminum,

216 1834 340 1897 Sed
387 1847 448 1895 et
492 1838 829 1894 tumultum·
860 1838 1178 1895 murmuris
1225 1836 1397 1894 multi
1448 1837 1636 1907 cienS,

217 1921 663 1998 Superstitiosa
703 1923 877 1980 fauce
926 1923 1219 1980 bacchata
1262 1930 1357 1980 est
1390 1940 1628 1992 sonum,

216 2007 672 2065 Tenebricosae
717 2010 907 2066 verba
950 2007 1244 2084 Sphingis
1285 2007 1636 2064 aemulans:

215 2091 484 2165 Quorum
533 2112 761 2152 memor
797 2113 968 2152 mens
1031 2113 1186 2168 quae
1231 2093 1377 2150 mihi
1422 2111 1581 2150 nunc
1630 2089 1919 2168 suggerit,

214 2179 482 2237 Adverte
523 2178 687 2250 Rex,
735 2189 1073 2254 putansque
1112 2187 1311 2236 mente
1357 2178 1617 2255 singula,

213 2263 514 2323 Percurre
561 2264 890 2322 dictionum
920 2263 1404 2322 inobservabiles

216 2347 512 2409 Scrutans
557 2367 862 2422 camenas,
908 2367 1028 2422 qua
1075 2348 1365 2424 expedita
1406 2348 1620 2406 semita

213 2434 310 2492 Ad
348 2433 598 2510 planam
640 2435 878 2510 ineptos
925 2433 1088 2490 ducit
1134 2451 1370 2490 errores
1417 2433 1594 2490 viam.

212 2519 347 2597 Ego
396 2527 459 2576 at
502 2519 727 2579 solutis
781 2538 1080 2576 carcerum
1125 2517 1433 2594 repagulis

214 2604 555 2662 Verborum
603 2604 783 2662 obibo
826 2606 1139 2662 flexuosos
1181 2604 1475 2675 tramiteS,

213 2689 599 2764 Primumque
649 2689 905 2764 pulsans
949 2689 1254 2765 oppidum,
1301 2697 1365 2744 ut
1413 2703 1627 2745 cursor
1670 2685 1848 2742 celer.

215 2775 448 2832 Matuta
493 2774 809 2851 Fagutalis
832 2775 1012 2832 ¹arcis
1060 2773 1322 2831 culmina

220 2857 372 2917 Citis
419 2858 856 2936 supervolabat
900 2859 1015 2916 alis
1055 2859 1303 2934 Pegasi,

220 2942 477 3003 Cascum
517 2945 792 3001 maritum
840 2945 1117 3018 proxime
1160 2942 1416 3001 Cernem
1465 2943 1725 3002 insulam

217 3030 386 3087 Toro
434 3029 810 3103 relinquens,
856 3029 1200 3105 bigenerem
1248 3029 1494 3085 fratrem
1545 3037 1741 3086 tuum:

217 3114 691 3189 Tranquillaque
739 3114 898 3172 ocris
938 3114 1183 3171 concavi
1225 3114 1537 3171 ancoralia

214 3198 458 3257 Nautae
503 3199 773 3272 luebant,
819 3206 999 3274 atque
1044 3198 1290 3271 tonsilla
1332 3207 1538 3257 tenus:

213 3283 612 3342 Puellicidam
662 3294 722 3342 et
772 3283 1181 3360 vermigradae
1226 3281 1528 3343 Salaciam

218 3368 434 3445 Scapis
481 3370 739 3427 ruebant
782 3389 813 3426 e
854 3368 1252 3426 columbariis*
1293 3368 1421 3426 suis

217 3453 640 3514 Oiconivestes
684 3455 944 3530 pupulae
993 3454 1374 3524 Phalacriae,

213 3540 393 3600 Ultra
432 3537 741 3615 Calydnas
791 3541 1170 3598 obstinentes
1215 3538 1539 3615 palmulas,

2085 2254 2148 2320 10

2085 2693 2147 2746 15

2080 3119 2151 3171 20

1973 3543 2148 3595 -25
