2452 4186
945 303 1057 364 195

4 500 7 527 ι
88 470 256 542 8,24.
302 465 367 529 εἴ
398 489 453 527 τι
490 489 605 548 περ
655 467 955 554 ἀντιβολῶ
1002 471 1224 537 δειλῶς
1252 473 1365 532 σοῦ
1390 471 1699 553 γράμματι
1726 472 1908 557 βαιῷ,

165 553 239 635 ἢν
288 553 370 635 μὴ
419 551 665 620 ἀναιδὲς
714 549 866 634 ἄγαν
910 551 953 638 ᾖ
1000 557 1067 618 τὸ
1119 552 1399 637 δέημα[,]
1448 555 1641 618 δίδου.

87 638 189 720 κῆν
243 639 326 720 μὴ
379 637 523 712 δῶς,
569 636 1037 721 λιτανευόμενος
1077 637 1139 721 γ’
1186 637 1385 722 ἔμπης
1429 638 1701 726 ἀνέχοιο.

108 802 113 806 ⁶
167 722 519 806 ούιλιβάνῳ
563 720 676 805 γὰρ
720 719 877 790 Ζεὺς
921 722 1202 807 ἄχθεται,
1250 723 1393 786 οὔτε
1435 725 1643 791 λιταῖς.

87 804 1116 974 οὐὶάλῗ.ἀθεθῗόὺξηξτῗιεῖαξιοὶδύνξδςῳὸ
1132 808 1723 975 δίξζῖόῖιεῗᾶξπων,

89 1062 256 1135 2,91.
304 1056 491 1142 εὖχος
526 1062 634 1119 τοῦ
668 1057 924 1141 κόσμου,
955 1063 1074 1122 τῶν
1117 1059 1329 1138 ὄντων,
1353 1057 1621 1143 Καῖσαρ,
1643 1059 1865 1144 ἔρυμα,

167 1143 235 1207 οὗ
280 1141 639 1224 πιθόμεσθα
678 1141 884 1204 πέλειν
930 1144 1313 1226 σωζομένοιο
1357 1145 1563 1221 θεοὺς,

89 1229 139 1290 εἰ
181 1233 294 1291 σοῦ
339 1226 481 1294 τοὺς
521 1225 743 1294 ὅσσους
787 1228 1215 1313 αὐτοσχεδίοιο
1246 1229 1477 1295 ,πόνοιο

165 1311 359 1398 βιβλί’
408 1309 769 1391 ἀναγνόντος
797 1311 1018 1382 θέλξαν
1060 1314 1268 1376 ἀοιδαὶ
1313 1313 1478 1396 ἐμαί,

89 1397 120 1460 ὅ
156 1397 271 1482 ρρα
317 1395 474 1479 τύχη
518 1397 782 1471 κώλυσε,
826 1398 1026 1459 δοκεῖν
1073 1398 1331 1481 ποίησον
1381 1395 1492 1480 ἔμ’.
1532 1394 1706 1472 εἶναι,

165 1485 330 1545 ὥστε
374 1479 724 1550 κλεῖζεσθαι
767 1482 1134 1563 παιδογόνον
1181 1483 1443 1565 τριάδος.

88 1566 194 1650 εἴγ’
240 1566 359 1629 οὐκ
398 1563 597 1646 ἤρεσα
645 1566 759 1641 σοὶ,
801 1565 945 1629 τόδε
992 1568 1095 1650 μοὶ
1138 1567 1527 1651 παραμύθιον
1577 1564 1756 1628 ἔστω.

167 1651 220 1714 εἰ
270 1650 341 1713 δέ
387 1671 483 1711 σοι
523 1648 726 1732 ἤρεσ’,
770 1650 909 1734 ἐμοὶ
954 1650 1127 1716 ταῦτ’
1180 1650 1463 1735 ἐπίχειρα
1510 1648 1707 1714 πέλοι.

90 1823 257 1895 9,18.
301 1816 458 1883 ἔστιν
489 1818 625 1901 ἐμοὶ
644 1819 774 1898 (καὶ
801 1821 985 1904 δηρὸν
1017 1817 1658 1902 ἔοισέο,Καῖσαρ,ἐπ’
1681 1821 1903 1904 ἀρχῆς)

163 1906 401 1988 γήδιον,
448 1903 508 1964 ἐν
551 1903 622 1965 δὲ
664 1902 844 1966 πόλει
892 1906 995 1967 καὶ
1043 1907 1252 1988 μικρὸν
1292 1901 1565 1967 οἰκίδιον.

90 1988 427 2072 ὀργανικοῖς
470 1988 539 2049 δὲ
575 1987 784 2055 πόνοις
822 1989 1030 2072 ὀλίγης
1073 1990 1192 2052 ἀπὸ
1237 1993 1402 2070 νᾶμα
1446 1990 1760 2072 φάραγγος

167 2073 432 2148 ἕλκεται,
477 2072 628 2135 ὥστ’
657 2071 859 2157 ἄρδειν
901 2073 1160 2159 ὄρχατον
1210 2072 1496 2146 ἀζαλέον.

92 2157 227 2221 ἀλλ’
271 2159 302 2221 ὁ
346 2156 539 2240 δόμος
580 2159 796 2241 διψῶν,
845 2159 934 2221 ὅτι
981 2182 1075 2242 μιν
1119 2159 1285 2243 ῥανὶς
1330 2158 1492 2227 οὔτις
1538 2158 1732 2235 ἰαίνει,

165 2243 366 2305 κλαίει
407 2241 624 2325 καίπερ
672 2242 837 2326 ὕδωρ
883 2241 1152 2327 Μάρτιον
1196 2243 1370 2325 ἐγγὺς
1412 2243 1597 2327 ἔχων.

89 2325 157 2409 ἣν
196 2326 408 2412 λιβάδ’
447 2325 791 2410 ἡμετέροις,
831 2324 1096 2409 Καῖσαρ,
1154 2328 1500 2410 μεγάροισιν
1550 2327 1882 2404 ὀπάσσεις,

164 2408 475 2479 Κασταλὶς
514 2411 616 2494 ἥδ’
661 2409 831 2473 ἔσται
869 2412 970 2474 καὶ
1015 2412 1159 2479 Διὸς
1206 2409 1437 2494 ὄμβρος
1490 2410 1647 2492 ἐμοί.

86 2582 264 2655 6,1Ο.
323 2581 424 2642 τὸν
469 2579 586 2641 Δία
621 2581 905 2663 χιλιάδας
948 2581 1190 2662 παύρας
1246 2580 1510 2641 αἰτοῦντι
1557 2601 1662 2661 μοι
1701 2578 1901 2663 ἀκμὴν

169 2663 266 2725 σοὶ
313 2662 497 2743 δότω,
536 2664 699 2732 ὅστις
744 2664 902 2747 ἐμοὶ,
947 2666 1150 2750 φησὶν,
1195 2662 1395 2727 ἔδωκε
1439 2666 1617 2725 νεών.

87 2745 168 2832 τῷ
208 2747 310 2809 Διῒ
360 2749 520 2810 δῶκε
565 2751 718 2811 νεὼν
768 2751 898 2830 μὲν,
940 2750 1091 2833 ἀτάρ
1144 2771 1248 2831 μοι
1289 2745 1523 2831 χιλιάδ’
1568 2747 1689 2832 ἤδη

169 2830 397 2895 οὔτινα.
437 2832 622 2917 παῦρ’
667 2835 852 2897 αἰτεῖν
898 2838 998 2899 τὸν
1044 2835 1189 2897 θεὸν
1240 2832 1545 2915 αἰδέομαι.

89 2916 229 2980 ἀλλ’
274 2920 358 2985 ὡς
401 2916 704 3001 ἀνέφελος
746 2942 833 2996 τε,
871 2920 972 2981 καὶ
1016 2922 1100 2985 ὥς
1142 2920 1480 3000 ἀτάρακτος
1524 2916 1785 2996 ἰδέσθαι,

169 3005 255 3069 ὧς
299 3000 597 3085 ἀδόνητος
641 3002 794 3085 ἐμὰς
824 3002 1060 3088 πρόσθε
1099 3002 1345 3065 δέδεκτο
1389 3002 1571 3069 λιτάς.

87 3089 247 3154 τοῖος
283 3089 409 3153 τοῖς
449 3085 666 3150 Δακῶν
715 3088 935 3156 ἱκέταις
977 3087 1248 3169 διάδημα
1296 3086 1530 3161 δίδωσι,

132 3170 274 3238 “τὰς
319 3167 783 3241 Καπιτωλείοος
831 3171 892 3235 τ’
927 3172 1073 3234 εἶσιν
1121 3170 1343 3234 ἄνεισιν
1393 3169 1594 3237 ὁδούς.

90 3255 141 3316 εἰ
183 3256 368 3323 τοίως
412 3254 588 3318 εἴωθ’
632 3258 970 3330 ἀνανεύειν,
1014 3258 1146 3323 πῶς
1190 3253 1484 3327 ἐπινεύεις

169 3340 305 3403 εἰπὲ
349 3339 470 3402 θεὰ
513 3340 809 3425 σύμβουλ’
857 3340 1186 3425 ἡμετέροιο
1233 3337 1396 3406 Διός.

88 3422 248 3487 εἶπα.
286 3425 388 3488 καὶ
429 3426 468 3506 ἡ
512 3426 616 3508 τὴν
653 3425 913 3510 Γοργόν’
956 3427 1207 3511 ἀφεῖσα,
1251 3423 1318 3485 τὸ
1365 3423 1445 3504 μὴ
1476 3418 1657 3483 δοθὲν
1693 3420 1902 3498 εὐθύς,

173 3511 378 3593 φησὶν,
428 3509 797 3588 ἀπελπίζεις,
846 3511 1039 3596 μωρὲ,
1084 3505 1500 3592 δοθησέμεναι
1516 3527 1535 3580 3

532 3601 537 3607 ’
1384 3604 1511 3666 13*
