2452 4186
1084 323 1201 383 161

225 485 602 565 Πλακιάδαι,
642 488 681 571 ἢ
730 489 761 550 ὁ
804 486 1115 558 Στέλαιος.
1162 485 1493 573 Πράγματ’
1543 486 1606 556 ἐξ
1647 487 1961 573 ἀπραξίας.

223 571 521 639 Πλείονες
558 577 678 635 τῶν
720 568 1168 657 Καλλικυρίων.
1212 568 1316 642 Ἐς
1353 571 1532 654 αἶγας
1569 573 1800 657 ἀγρίας.

222 655 569 740 Πομφόλυξ
617 655 961 740 ἄνθρωπος.
1023 654 1234 744 Οὐρίῳ
1276 656 1579 742 φέρεσθαι
1614 657 1931 740 πνεύματι.

221 742 374 825 Πρὶν
414 743 628 825 λαχεῖν
668 740 743 804 τὰ
788 739 954 803 κοῖν>
998 742 1330 810 ἀπεσθίεις.
1377 739 1634 803 Σκυθῶν
1678 741 1922 826 ἐρημία.

221 826 393 909 Πρὸς
404 826 508 888 τὸν
524 823 593 887 εὖ
610 826 961 909 πράσσοντα
976 831 1207 912 τοῖχον.
1252 823 1384 892 Οὐδ
1399 824 1412 843 ’
1432 825 1691 910 ἐλείφθη
1713 827 2051 911 πυρφόρος.

220 909 691 1013 Πτωχαλαζών.
723 905 901 972 Ἔστι
938 911 1039 973 καὶ
1084 917 1253 995 σιγῆς
1295 911 1610 974 ἀκίνδυνον
1652 909 1855 995 γέρας.

220 993 539 1078 Πυρρίχην
585 993 816 1078 βλέπει.
864 992 1138 1078 Πίθηκος
1184 997 1512 1063 ἀνάπλεως
1555 994 1919 1080 ψιμμυθίου.

218 1077 593 1163 Σιφνιάζειν.
622 1073 823 1141 “Quae
908 1079 1266 1165 εὐπάρυφος
1306 1080 1374 1142 ἐκ
1416 1079 1766 1163 κωμῳδίας.

218 1162 708 1247 Στρεψίμαλλος.
764 1160 854 1227 On
899 1164 1012 1247 γὰρ
1060 1165 1258 1234 οὕτως
1305 1164 1455 1227 οὐδὲ
1500 1163 1784 1246 κείσομαι
1821 1164 2052 1225 πεσών.

216 1247 422 1310 Σόκον
464 1248 667 1315 αἰτεῖς.
711 1243 819 1316 Εἰς
858 1246 1034 1315 Θεῶν
1079 1249 1191 1311 ὦτ’
1225 1249 1439 1334 ἢλθεν.
1481 1247 1796 1330 Ἀδμήτου
1842 1247 2048 1330 μέλος.

219 1330 625 1415 Συκοφάντης
662 1329 820 1400 Χῖος
864 1333 1220 1395 ἀποπατῶν.
1261 1330 1491 1400 Ῥάκος
1533 1331 1923 1415 πολυσχιδές.

221 1413 547 1501 Ταντάλου
594 1416 880 1479 τάλαντα.
919 1413 1288 1499 Κωρυκαῖος
1329 1416 1689 1501 ἠκροάζετο.

220 1497 345 1564 Τὸν
393 1499 662 1563 θέλοντα
703 1502 850 1584 βοῦν
899 1499 1142 1564 ἔλαυνε.
1190 1498 1276 1565 Τὸ
1321 1499 1714 1569 Φιλοξένειον
1756 1498 1852 1561 οὔ.

219 1581 364 1665 Τῶν
400 1591 581 1667 τριῶν
627 1588 831 1647 κακῶν
876 1586 959 1648 ἕν.
996 1585 1082 1649 ‘A
1126 1589 1334 1655 κισσὸς
1380 1584 1508 1669 μετ’
1556 1584 1985 1669 Ἀνθεστήρια.

204 1665 324 1731 τΥν
368 1669 576 1752 ὀρίνει.
627 1669 907 1732 Φωκέων
943 1669 1225 1733 ἀπόνοια.
1273 1668 1551 1754 Κοχλίου
1599 1668 1745 1754 βίος.

222 1753 486 1821 Φειδίας
531 1758 840 1837 προσῆκεν
891 1755 1124 1838 εἰρήνῃ.
1173 1752 1400 1818 Κακῶν
1445 1754 1745 1837 τρικυμία.

212 1836 331 1906 (Ως
376 1837 498 1900 ἀπὸ
550 1843 819 1907 σκοπιᾶς.
868 1838 1128 1922 Ἀμόνει
1184 1839 1239 1902 δ’
1295 1844 1379 1907 ὡς
1423 1836 1643 1911 ἔοικεν,
1686 1840 1723 1921 ἡ
1766 1838 1949 1922 πάγη.

214 1919 331 1990 εΩς
376 1918 510 2006 ἔχει
549 1923 759 1985 ποδῶν
806 1923 1079 1991 ἕκαστος.
1129 1922 1554 2005 Πειθανάγκην
1599 1922 1965 2006 προστιθεῖς.

204 2003 448 2091 (Ώσπερ
493 2004 785 2092 Ἰβόκειος
824 2008 1024 2076 ἵππος.
1076 2006 1392 2092 (Ηρακλῆς
1439 2008 1747 2078 ξενίζεται.

813 2093 1138 2177 παροιμίαι
1181 2093 1451 2178 φυσικαί.

216 2175 617 2261 Ἀρχομένου
669 2178 738 2239 δὲ
778 2177 958 2241 νότου
1003 2180 1104 2241 καὶ
1149 2181 1446 2261 λήγοντος
1498 2176 1745 2263 βορέαο.

211 2259 623 2345 Ἀρχομένων
675 2262 896 2325 σικύων
938 2263 1039 2325 καὶ
1084 2265 1407 2345 ληγουσῶν
1456 2263 1859 2336 κολοκυντῶν.

219 2344 339 2429 Εἴη
386 2346 489 2426 μοὶ
531 2345 607 2407 τὰ
658 2346 878 2428 μεταξὺ
920 2343 1230 2430 Κορίνθου
1274 2347 1375 2409 καὶ
1415 2344 1741 2412 Σικυῶνος.

214 2428 323 2494 Ἐν
363 2426 650 2512 Κορύδου
696 2432 869 2514 κοίτῃ
922 2432 1134 2514 σκολιὴ
1184 2430 1517 2514 κέκρυπται
1563 2428 1878 2511 ἄγρωστις.

224 2513 463 2599 Μηκέτι
504 2516 716 2582 νυκτὸς
763 2516 909 2596 ὕειν,
949 2513 992 2601 ᾗ
1031 2538 1131 2578 κεν
1177 2515 1345 2577 τέκοι
1396 2512 1693 2597 ἀγροτέρη
1747 2517 1869 2580 σῦς.

223 2598 463 2680 Μίνθην
513 2598 582 2660 ἐν.
614 2599 770 2662 πολέ
820 2625 871 2685 ῳ
913 2601 1053 2686 μήτ’
1095 2598 1288 2675 ἔσθιε,
1333 2600 1482 2682 μήτε
1532 2598 1777 2681 φύτευε.

225 2681 591 2765 Νυκτερινὸς
638 2684 861 2768 βορέας
905 2686 1099 2770 τρίτον
1150 2684 1377 2747 οὔποτε
1422 2681 1644 2767 φέγγος
1685 2680 1858 2765 ἄητο.

225 2765 473 2851 Μήποτ’
517 2766 622 2831 ἀπ’
671 2770 927 2853 ἠπείρου
977 2770 1189 2853 δείσῃς
1228 2768 1435 2852 νέφος,
1477 2770 1562 2835 ὡς
1603 2767 1724 2829 ἀπὸ
1768 2766 1994 2832 πόντου

228 2851 576 2935 Χειμῶνος.
621 2852 842 2938 θέρεος
886 2855 956 2917 δὲ
1002 2854 1104 2917 ἀπ’
1151 2854 1434 2938 ἠπείροιο
1484 2851 1793 2935 μελαίνης.

225 2940 342 3023 Λὶψ
387 2934 614 3038 ᾄνεμος
654 2939 810 3023 ταχὺ
857 2937 932 3022 δὴ
977 2939 1263 3023 νεφέλας,
1311 2937 1465 3022 ταχὺ
1516 2937 1577 2998 δ’
1616 2933 1827 3020 α’ίθρια
1866 2942 2051 3001 ποιεῖ.

411 3020 699 3106 Αργέστῃ
749 3024 814 3085 δ’
864 3023 1076 3108 ἀνέμῳ
1122 3022 1273 3085 πᾶσ’
1322 3022 1534 3084 ἕπεται
1578 3019 1827 3104 νεφέλη.

646 3111 818 3191 φιλεῖ
854 3108 924 3170 δὲ
963 3106 1140 3176 νότος
1185 3107 1336 3190 μετὰ
1379 3108 1640 3191 πάχνην.

379 3188 670 3257 σΑπαντα
712 3198 871 3276 γηρᾷ
909 3191 1128 3268 τᾶλλα,
1171 3192 1330 3274 πλὴν
1379 3189 1572 3265 οἴνου,
1617 3186 1845 3271 χρόνῳ.

911 3276 1076 3340 Ἀπὸ
1120 3275 1339 3338 ἐθνῶν.

211 3358 451 3445 Ἀργος
493 3359 753 3444 ἄνυδρον
801 3361 901 3426 ἐὸν
951 3361 1190 3426 Δανααὶ
1226 3357 1420 3424 θέσαν
1459 3357 1689 3440 ’Άργος
1725 3354 1867 3420 ἔνυδ
1907 3380 1999 3422 ον.

223 3442 333 3514 Εἰς
373 3443 627 3508 Σκῶλον
671 3446 812 3528 μήτ’
859 3445 1044 3514 αὐτὸς
1090 3442 1249 3527 ἴμεν,
1297 3442 1437 3527 μήτ’
1489 3441 1663 3526 ἄλλῳ
1708 3441 1856 3504 ἕπεσ
1903 3466 1984 3505 αι.

221 3526 325 3593 Ἐν
376 3529 447 3591 δὲ
489 3526 683 3613 Πάρῳ
735 3533 969 3616 ψυχρὸν
1017 3530 1125 3613 μὲν
1174 3529 1369 3612 ὕδωρ,
1410 3528 1593 3591 καλαὶ
1640 3526 1709 3588 δὲ
1752 3530 2052 3609 γυναῖκες.

1527 3616 1597 3674 11

2433 1403 2452 1421 Ι
2431 1058 2452 1371 {mu-..¹⁸
2433 999 2452 1029 ἱ
