2452 4186
1233 283 1351 345 168
1390 291 1393 294 ’

360 452 508 527 ,1,6.
551 449 744 511 παῖδα
797 446 1064 533 διηέριον
1102 454 1333 532 πτηνοῦ
1381 446 1734 533 φορέοντος,
1783 445 2131 529 ἅβλαπτον,

461 532 850 619 φειδομένοις
900 531 1088 617 ἐνέφυ
1139 536 1266 601 τοῖς
1317 533 1605 617 ὀνύχεσσι
1648 532 1855 616 βάρος.

372 618 730 701 κοιρανέους
774 615 835 678 δ’
884 615 1173 698 ὑπόγυιος
1219 617 1372 701 ἄγρη
1425 617 1658 700 πρήῦνε
1706 613 1976 692 λέοντας,

461 703 625 771 πτώξ
669 701 720 763 τ’
766 701 968 780 ἀδεῶς
1010 703 1250 773 παίζων
1303 700 1422 763 εἶσι
1467 699 1568 763 διὰ
1609 700 1949 782 στομάτων.

379 786 689 870 ὁπποτέρη
739 784 810 847 δὲ
848 784 969 847 θέα
1014 786 1277 869 μείζωνς
1334 785 1521 869 μέγας
1569 782 1784 866 ἔγγυος
1829 782 1984 845 ἐστὶν

461 869 856 955 ἀμφοτέραις.
900 871 938 952 ἡ
988 871 1097 954 μὲν
1135 871 1479 955 Καίσαρος,
1529 871 1567 951 ἠ
1612 869 1684 931 δὲ
1729 866 1894 935 Διός.

374 1040 547 1114 9,71.
592 1034 936 1099 Μασσύλου
988 1038 1081 1104 λῖς
1126 1034 1314 1121 εὖχος
1342 1036 1544 1120 ὅρους,
1565 1035 1743 1104 πόσις
1774 1034 2108 1119 εἰροπόκου
2134 1058 2199 1099 τε

457 1120 716 1203 ποίμνης
759 1121 1054 1205 ἀλλήλοις
1096 1121 1274 1202 ὅρκια
1317 1121 1484 1198 πίστῗ
1533 1119 1780 1203 ἔταμον.

373 1207 479 1290 τὴν
524 1205 711 1289 αὐτὴν
758 1207 979 1289 (ὁράᾳς
1023 1205 1167 1289 γὰρ)
1215 1205 1492 1290 όμέστιοι
1538 1204 1711 1268 αὖλιν
1759 1203 1993 1289 ἔχουσι.

387 1333 390 1336 ¹
457 1290 662 1373 κοινὴν
709 1289 1041 1375 φέρβονται
1081 1291 1262 1353 δαῖτα
1309 1290 1781 1375 συναμφότεροι.

363 1373 438 1439 κ’
486 1374 559 1437 οὐ
607 1377 866 1443 θαλλοῖς
909 1376 1216 1460 χαίρουσι,
1270 1376 1373 1438 καὶ
1414 1374 1488 1438 οὔ
1527 1399 1584 1438 τι
1624 1373 2078 1457 ποηφαγέουσι.

460 1457 784 1544 σύμφρονα
800 1462 1119 1590 ὲχορτάζει
1161 1460 1328 1542 θῆρα
1374 1460 1546 1543 τέρεν
1588 1458 1915 1545 πρόβατον.

370 1544 474 1606 καὶ
513 1543 574 1605 τί
614 1543 750 1627 μέγ’
799 1544 1048 1628 ,ρρεξαν
1095 1543 1344 1627 Νεμέης
1389 1544 1635 1628 τρόμος,
1677 1545 1715 1627 ἣ
1765 1538 2201 1627 κριὸςἝλλης,

460 1626 610 1689 ὥστ’
656 1628 1020 1713 ἐστηρῖχθαι
1059 1627 1249 1713 ’πείρετ’
1292 1629 1628 1713 ἐπουράνια
1643 1651 1661 1705 ;
2103 1691 2106 1694 Α

370 1710 495 1793 εἴγε
523 1713 725 1797 βοτοῖς
752 1712 1023 1796 τόποςῆν
1042 1715 1144 1776 καὶ
1170 1713 1386 1797 θηρσὶν
1416 1713 1478 1776 ἐν
1506 1710 1795 1797 ἀστράσ’,
1823 1713 1922 1776 ὅδ’
1953 1711 2199 1796 ἄστρων
2276 1769 2289 1777 .

457 1795 633 1866 ἄξιος
664 1797 696 1859 ό
741 1800 909 1881 κριὸς
951 1797 1051 1881 ἧν,
1098 1797 1269 1867 ἄξιος,
1303 1797 1378 1881 ἧν
1425 1799 1461 1860 ὁ
1501 1797 1683 1861 λέων.

372 1967 549 2040 4,74.
592 1965 711 2050 οὐχ
757 1967 789 2027 ό
834 1968 965 2049 άᾳς,
1012 1965 1238 2049 πρόκες
1282 1970 1367 2034 ὡς
1394 1965 1631 2050 ἄμαχοι
1669 1962 2205 2049 μίσγουσιν”Αρηα

462 2051 739 2134 φρικτὸν;
789 1988 1210 2119 ἔσονήδειλοῖς
1250 2050 1464 2135 θηρσὶν
1512 2049 1711 2114 ἔνεστι
1753 2050 1973 2135 μένος;

374 2133 708 2218 μάρνανται
750 2135 1111 2200 θανατῶσαι
1156 2135 1586 2218 ἀνωφελέεσσι
1612 2137 1956 2219 μετώποις.

457 2223 570 2303 λῇς
618 2219 825 2304 σφέων
876 2220 1232 2304 φείσασθαι,
1277 2222 1565 2305 Καῖσαρ;
1615 2219 1763 2305 ἔφες
1808 2243 1914 2304 σφι
1956 2217 2166 2287 κύνας.

375 2392 548 2465 4,35.
598 2388 990 2474 μαρναμένας
1051 2386 1336 2474 ἀμάχους
1378 2388 1615 2473 πρόκας
1658 2389 1904 2471 εἴδομεν
1962 2388 2203 2472 ἀντιμε-

1590 2477 1855 2549 τώπους,

457 2558 703 2621 κεῖσθαι
742 2556 801 2620 τ’
859 2557 1153 2620 ἰσόπαλον
1205 2557 1438 2639 πότμον
1489 2557 1921 2639 ἐπισπομένας.

367 2643 474 2726 τὴν
518 2641 705 2726 ἄγρην
756 2643 864 2726 μὲν
915 2640 1210 2705 ἔλευσσον
1259 2643 1412 2724 ἀκὴν
1451 2641 1648 2723 κύνες,
1692 2643 1750 2704 οἱ
1795 2642 2201 2728 δ’ἀβάκησοιν

456 2727 693 2809 ἀγρέες,
741 2726 922 2789 οὐδὲν
975 2728 1188 2795 ὅπλοις
1231 2729 1445 2790 λοιπὸν
1495 2728 1759 2810 ὁρῶντες
1798 2727 1944 2794 ἑοῖς.

369 2812 470 2874 καὶ
508 2810 700 2874 πόθεν
749 2812 1118 2917 ἀβληχροῖσι
1163 2809 1341 2873 τόσον
1390 2809 1572 2892 μένος
1618 2810 1832 2887 ἔζεσες
1893 2810 2027 2893 τοίη

456 2895 581 2957 ἐστὶ
627 2897 793 2979 μάχη
842 2917 1107 2978 ταυρων,
1153 2895 1255 2957 καὶ
1302 2894 1492 2979 μόρος
1533 2895 1809 2980 ἠνόρεος.

370 3068 542 3140 5,31.
590 3064 799 3126 λεδσσ’
839 3066 924 3132 ὡς
970 3064 1290 3127 ἀσπασίων
1323 3065 1421 3126 ἐπὶ
1441 3064 1681 3149 ταύρων
1708 3065 1925 3132 παῖδες
1947 3061 2204 3146 ἀθύρειν

451 3151 837 3232 τολμῶσι[ν],
879 3148 951 3232 χ’
1002 3151 1087 3216 ὡς
1127 3151 1276 3234 βοῦς
1320 3148 1561 3231 ἄσμενα
1597 3146 1979 3233 νωτοφορεῖ;

367 3237 488 3296 τῶν
524 3235 796 3317 κεράτων
841 3237 873 3298 ό
922 3234 1030 3317 μὲν
1076 3232 1258 3317 ἧρται
1298 3234 1593 3317 ἀπήορος,
1637 3233 1703 3302 ὃς
1752 3234 1810 3295 δ’
1864 3230 2207 3314 ἐπαληθεὶς

455 3322 573 3379 τῶν
622 3321 857 3395 νώτων,
906 3318 997 3381 δί’
1042 3318 1192 3381 ὅλου
1240 3318 1459 3402 θηρίου
1507 3320 1878 3404 ὁπλομαχεῖ.

370 3400 654 3486 ἀγριότης
699 3401 849 3486 ἀταρ
896 3403 1086 3487 ἠρέμ’
1134 3401 1289 3488 ἔχει,
1336 3403 1398 3465 κ’
1447 3401 1520 3464 οὐ
1563 3403 1830 3487 γήπεδον
1873 3403 2036 3466 οὕτω

453 3487 661 3549 πιστὸν
709 3484 779 3549 ἄν
823 3486 919 3571 ἧν,
962 3486 1197 3572 ἔδαφος
1244 3486 1305 3550 δ’
1346 3486 1420 3571 ἦν
1468 3485 1539 3549 ἄν
1582 3486 2000 3571 ἀπιστότερον.
