2452 4186
1039 312 1155 372 131

206 475 569 561 Δημοβόροι.
619 477 764 544 Διὸς
810 474 1175 563 ἐγκέφαλος.
1239 475 1441 541 Πλέον
1487 476 1676 561 ἥμισυ
1719 476 1966 547 παντός.

205 559 502 628 Διοπετές.
548 556 633 623 Τὸ
679 557 907 645 γὰρέὖ
954 562 1088 645 μέτ’
1131 562 1167 624 ἐ
1213 567 1308 625 οὔ.
1364 558 1930 645 Περιαυτολογῆσαι

204 647 300 714 Δὶς
335 645 437 708 καὶ
478 646 602 727 τρὶς
643 647 710 708 τὸ
758 645 971 708 καλὸν.
1001 642 1157 732 εΡεχ
1204 647 1290 709 ὲν
1317 645 1390 709 δέ
1428 667 1494 708 τε
1541 647 1755 728 νήπιος
1795 644 1975 729 ἔγνω.

203 730 299 798 Δὶς
337 730 500 814 κράμ
543 753 580 812 η
635 729 922 797 θάνατος.
967 728 1175 794 Κόκκυ
1223 732 1431 815 ψωλοὶ
1467 730 1775 793 πεδίονδε.

202 817 457 881 Διπλοῢν
566 814 761 877 άππα.
807 811 896 878 Τὸ
937 810 1280 897 Βοιῴτειον
1323 814 1402 898 μό
1490 838 1557 884 ος
1604 815 1820 878 ἀείδει.

203 894 578 983 Δουλότερος
619 903 727 981 τῆς
759 896 1108 982 Μεσσήνης.
1154 838 1533 964 Εὔνασαῖγὲν
1581 899 1777 984 ὅλμῳ.

202 982 699 1067 Δούρεοςψῖππος.
737 983 910 1047 ’Άνω
957 990 1272 1067 ποταμῶν.
1319 980 1439 1047 Τὸν
1480 980 1715 1047 ἔνοικον
1759 982 2009 1067 ἔπηλυς.

201 1068 500 1151 Δωδώνης
577 1070 841 1130 αλκεῖον.
887 1066 1039 1132 Ἀπ’
1083 1068 1307 1137 οὔατος
1349 1067 1605 1150 ἄγγελος
1645 1065 1841 1141 ἔλθοι.

200 1155 445 1233 Δῴσων.
526 1152 933 1236 γλουθυγίεια.
976 1149 1061 1216 Τὸ
1103 1152 1500 1237 κωλακρέτου
1539 1154 1704 1234 γάλα
1741 1154 1953 1216 πίνειν.

198 1235 272 1302 Εἷ
309 1236 686 1321 Φρυνώνδας
734 1235 940 1305 ἄλλος.
973 1235 1349 1319 (Υπηνέμιον
1396 1235 1599 1300 τέτοκ’
1650 1235 1795 1305 ὠόν.

196 1318 369 1386 Εἷδεν
407 1327 529 1405 πῦρ
574 1321 767 1406 ἀφύη.
858 1320 1225 1384 Σπεύδουσα
1270 1322 1434 1384 κύων
1482 1320 1686 1404 τυφλὰ
1727 1321 1928 1385 τίκτει.

196 1404 492 1490 Εἰδεχθὴς
536 1403 879 1488 Κορυθεὺς.
921 1403 1208 1485 Πόλεμος
1247 1406 1317 1468 δὲ
1361 1402 1607 1469 Κόνωνι
1659 1407 1935 1488 μελήσει.

195 1487 342 1572 Εἰκῇ
383 1497 472 1574 τῷ
495 1488 818 1573 ζΗρακλεῖ.
853 1490 1140 1573 Ἀεργοῖς
1184 1490 1314 1552 αἰὲν
1360 1490 1565 1572 ἑορτή.

194 1572 407 1656 Εῗματ>
453 1575 633 1658 ἀνήρ.
700 1571 831 1637 Οὐκ
868 1575 933 1636 ἐν
979 1573 1242 1658 πολέμῳ
1287 1574 1379 1642 δὶς
1424 1572 1648 1636 ἔνεστιν
1691 1574 2008 1657 ἁμαρτεῖν.

194 1655 326 1739 Εἰμὶ
365 1658 545 1727 πόλις
588 1657 839 1742 Πιτάνη.
885 1661 1163 1742 Δελφῖνα
1209 1659 1701 1742 δίδασκεκολυμ
1743 1664 1843 1742 ᾷν.

34 1754 35 1829 3
89 1808 93 1817 ,
194 1739 290 1809 Εἰς
331 1742 472 1806 δέον
519 1744 838 1825 ἀνήλωσα.
890 1742 1093 1847 Θύραν,
1145 1743 1244 1806 ἐπὶ
1293 1744 1515 1805 σαυτὸν
1561 1744 1702 1805 ἀνοί
1732 1765 1836 1811 εις.

194 1823 292 1894 Εἰς
324 1828 534 1890 πεδίον
583 1828 686 1907 τὸν
729 1828 951 1891 Λυδὸν.
1010 1825 1469 1912 Αχρειόγελως.
1529 1826 1575 1890 Γ
1579 1827 1962 1911 λυκύπικρος.

193 1907 291 1979 Εἰς
322 1913 426 1994 τὴν
466 1910 724 1995 γαστέρ’
773 1912 1166 1974 ἐνάλλεσθαι.
1220 1910 1432 1992 Στόμα
1479 1912 2007 1996 δωδεκάκρουνον.

192 1992 289 2063 Εἰς
335 1998 567 2077 φάτνας
608 1996 890 2080 ἀρχαίας.
920 1995 1214 2081 ”Aprem
1254 1997 1294 2077 ἡ
1342 1994 1686 2076 Παναγαία.

187 2076 287 2143 Ἐκ
324 2082 612 2166 καλάμης
646 2084 894 2163 γνῶναι.
934 2080 1391 2167 Καὶβαίτυλον
1438 2078 1509 2143 ἂν
1552 2080 1925 2149 καταπίνοις.

186 2162 286 2229 Ἐκ
326 2167 505 2248 μυίας
551 2164 884 2250 ἐλέφαντα.
928 2165 1119 2251 Μάχη
1168 2166 1320 2249 μετὰ
1364 2165 1471 2248 τὴν
1518 2163 1932 2250 Μαραθῶνος.

187 2246 541 2335 Ἐμβάλλειν
591 2250 833 2334 ψαλίον.
876 2246 971 2334 Τῇ
1009 2251 1192 2334 πείρᾳ
1229 2251 1428 2312 πάντα
1473 2253 1755 2313 τελεῖται.

184 2331 486 2420 Ἐμβαρος
533 2335 680 2417 εἰμί.
725 2332 880 2398 Βίου
928 2335 1238 2416 σπιθαμὴν
1281 2335 1436 2416 πρὸς
1479 2333 1706 2415 ἄνηθον
1758 2334 2007 2397 ἀείδων.

187 2415 564 2503 Ἐμπροσθεν
607 2424 887 2502 κρῆμνοι,
933 2419 1144 2482 ὄπιθεν
1196 2417 1392 2480 λύκοι.
1440 2415 1676 2502 ’Ὀλμος
1719 2418 2007 2500 ἄτολμος.

187 2500 279 2566 Ἐν
323 2507 618 2588 μακάρων
663 2505 869 2586 νήσοις
919 2505 1167 2586 διάγων.
1213 2501 1535 2585 Αύξάνομ’
1585 2502 1852 2565 ἀκούων.

185 2585 281 2651 Ἐν
322 2588 517 2671 μέλιτι
573 2590 798 2651 σαυτὸν
843 2589 1265 2654 καταπάττεις.
1312 2585 1359 2649 Γ
1366 2592 1516 2670 ραῧς
1560 2586 1825 2670 ἀναθυᾷ.

186 2668 281 2735 Ἐν
325 2672 652 2758 πορθμείῳ
700 2670 863 2757 ἔχων
911 2674 1117 2757 ἕτερον
1156 2670 1344 2733 πόδα.
1405 2667 1922 2755 Τυμβογέροντες.

185 2753 281 2819 Ἐν
330 2758 557 2841 σταδίῳ
601 2758 852 2841 δολιχὸν
891 2761 1106 2840 ζητεῖς.
1154 2754 1472 2838 Αἴλουρον
1510 2755 1778 2839 Ἀθηνᾷ.

184 2837 281 2903 Ἐν
318 2841 545 2927 τριόδῳ
591 2841 839 2924 ἕστηκα.
881 2839 1108 2904 Βαλὼν
1161 2840 1280 2904 οἴει
1323 2840 1680 2924 φεύξεσθαι.

185 2922 561 3009 Ἐνδόσιμον.
605 2924 853 3008 Θνητῶν
899 2927 956 2988 δ’
1006 2925 1134 3006 ἔστ’
1187 2925 1394 3011 ὄλβιος
1440 2926 1526 2993 εἰς
1564 2924 1741 2993 τέλος
1783 2924 2005 2993 οὐδείς.

184 3005 451 3093 Ἐργίνου
501 3010 736 3073 πολιαὶ.
785 3009 1257 3094 Φειδωλότερος
1287 3009 1705 3093 Πατροκλῆος.

184 3089 582 3169 Ἐσθλὸςκαὶ
619 3094 807 3164 κακός
853 3096 1033 3157 ἐστιν.
1081 3090 1222 3157 Ἐπὶ
1271 3093 1453 3177 ξυροῦ
1504 3092 1742 3155 ἵσταται
1787 3093 2005 3175 ἀκμῆς.

190 3173 344 3260 Εὗρε
387 3179 539 3247 θεὸς
579 3181 680 3244 τὸν
718 3180 983 3263 ἀλιτρὸν.
1017 3178 1250 3261 ’Άκρον
1285 3178 1464 3262 λαβὲ,
1486 3178 1588 3239 καὶ
1611 3176 1798 3259 μέσον
1831 3177 2004 3245 ἕξεις.

190 3256 374 3346 Εὗρεν
418 3266 451 3327 ὁ
499 3261 602 3326 Πα
643 3264 849 3348 νοίτης.
885 3262 1131 3348 ὀβολόν.
1181 3259 1412 3325 Κάκιον
1455 3259 1667 3347 Βάβυς
1712 3260 1909 3324 αὐλεῖ.

190 3340 559 3432 Εὖρυβάται.
602 3287 958 3432 ἵζέρκωπες.
998 3347 1140 3411 Ἀεὶ
1181 3346 1462 3428 πολέμου
1501 3345 1651 3408 κενὰ
1688 3345 1910 3408 πολλά.

190 3424 526 3515 Εὐρυκλῆς.
576 3431 873 3504 Πεινῶντι,
912 3436 1086 3516 λαγῷ
1127 3432 1232 3497 καὶ
1278 3434 1434 3492 σῦκα
1471 3432 1868 3497 πλακοῦντες.

192 3508 526 3600 Εὔρυμνος.
573 3514 917 3602 Μοχθηρὸς
955 3518 1106 3601 ὑπὲρ
1152 3519 1253 3581 τὸν
1306 3514 1647 3601 ύπέρβολον
1696 3513 1839 3576 ἐστί.

1512 3613 1602 3673 9.
