2452 4186
1244 279 1364 340 182

645 440 833 504 τάσδε
883 443 1014 525 μετ’
1064 442 1369 528 οὐρανίων
1404 440 1736 528 Ῥωμύλος
1775 442 2070 507 ἐσθίεται.

394 528 494 602 13,
514 528 615 589 57.
644 522 978 591 Νειλιακοῧ
1024 530 1301 614 λαχάνου
1341 530 1623 612 γελάσεις
1661 529 1928 613 ἐριώδεα
1967 526 2224 612 ῥυσμόν,

648 611 947 680 εἱλικτοὺς
990 613 1187 676 ἕλκων
1235 615 1444 699 χερσὶν
1495 614 1643 682 ὀδάξ
1692 636 1759 675 τε
1807 613 2036 696 μίτους.

395 695 494 769 13,
516 696 617 757 48.
649 694 904 779 εὐχερὲς
921 698 1213 782 ἀργυρίου
1235 703 1470 782 χρυσοῦ
1481 697 1538 760 τ’
1571 698 1739 782 ἐρίου
1762 719 1827 759 τε
1856 698 1959 760 καὶ
1975 695 2224 774 ἔσθους,

649 784 770 841 τῶν
822 782 892 844 δὲ
935 784 1219 866 μυκήτων
1270 781 1348 845 αὖ
1399 781 1694 890 δυσχερές
1740 782 1868 845 ἐστι
1913 780 2101 864 δόμα.

398 865 494 936 13,
514 864 617 924 34.
645 868 833 948 γραῦν
856 866 965 950 μὲν
998 864 1163 951 ἔχων
1184 868 1477 951 γαμετὴν,
1499 889 1574 929 τα
1603 867 1756 951 μέρη
1788 865 1842 929 δ’
1868 866 1983 929 ὑπὸ
2013 866 2224 950 γαστρὶ

1809 974 1913 1014 νεκ
1958 951 2144 1018 ωθεὶς

649 1034 840 1118 μηδὲν
876 1033 1066 1121 ἔχοις,
1100 1034 1344 1122 βόλβων
1367 1036 1503 1119 πρὶν
1532 973 1948 1118 κορέσασθαιξ3
1962 1034 2131 1102 ἄκος.

278 1190 289 1195 ὀ
399 1115 601 1189 13,26.
625 1117 744 1182 οὖα
775 1120 883 1201 μὲν
913 1120 1095 1202 ἐσμὲν
1122 1120 1308 1205 ὑγρῆς
1330 1120 1591 1224 γαστρρς
1622 1121 2032 1204 σκλήρυντρον
2057 1119 2217 1181 ὀπώ·

646 1205 819 1266 παιδὶ
862 1205 931 1267 δὲ
962 1206 1197 1286 μᾶλλον
1228 1205 1427 1282 ἐοδσ’,
1462 1206 1539 1288 ἡε
1572 1226 1692 1282 σοι,
1719 1204 2008 1287 ἁρμοδίη.
2098 1207 2222 1286 [ρη,

401 1284 496 1358 13,
515 1283 617 1343 27·
693 1291 1014 1374 ρυσοχρὼς
1043 1289 1277 1352 δίδοται
1316 1289 1617 1374 καρυωτὶς
1638 1289 1699 1350 ἐν
1727 1286 1917 1372 ἤματι
1946 1289 2173 1372 πρώτῳ

639 1312 863 1457 {duom
912 1373 1113 1457 δῶρον
1163 1374 1335 1457 ὅμως
1378 1373 1525 1436 αὐτὸ
1573 1371 1834 1455 πένητος
1876 1369 2018 1456 ἔφυ.

401 1452 499 1525 14,
526 1451 620 1513 18·
648 1461 767 1521 τῶν
805 1457 1052 1541 καρύων
1086 1459 1193 1542 μὲν
1221 1459 1473 1542 ἄθυρμα
1510 1459 1719 1540 μικρὸν
1757 1457 2094 1539 δαπάνημα
2120 1477 2219 1519 κα·

653 1540 814 1605 ἀλλὰ
840 1541 1017 1624 θαμὰ
1039 1546 1313 1623 γλουτῶν
1336 1542 1550 1606 παιδία
1571 1542 1931 1626 νοσφίσατο.
1978 1543 2222 1620 [λεῖται,

402 1622 498 1694 13,
518 1620 621 1679 25.
650 1628 797 1708 τῆλε
840 1627 1053 1731 cof-305,
1094 1629 1428 1711 παροδῖτα,
1457 1622 1650 1709 Ῥέης
1687 1625 2029 1709 ἀκρόδρυον
2077 1625 2218 1708 εἰμί,

653 1708 820 1794 ὄφρα
868 1734 950 1792 μη
998 1710 1084 1780 εἰς
1130 1711 1409 1797 σχέτλιον
1456 1715 1647 1793 κρᾶτα
1689 1710 1941 1794 πέσοιμι
1985 1709 2142 1772 τεόν.

403 1789 499 1862 13,
519 1789 622 1848 36.
652 1791 923 1896 ῌικηνόῧ
944 1801 1287 1899 1,τριπτῆρος
1333 1795 1830 1903 ὑπεκκλεξσθεῖσα
1867 1797 1971 1871 καὶ
2015 1793 2178 1879 ἀρχὴ

404 1959 499 2032 13,
521 1958 623 2017 24·
649 1901 708 2024 ἒί
743 1877 1301 2050 ῗὸιῗτιῡΐέθόοΐξά
1337 1880 1744 2033 Ξθὶδῖίῗνιοόιυτές
1759 1903 2097 2046 εξάραθείη

657 2046 756 2110 σοι’
792 2071 963 2125 ποτε,
1008 2055 1200 2115 ταῦτα
1239 2053 1448 2114 καλεῖν
1498 2049 1596 2112 σοὶ
1643 2049 1955 2133 μελίμηλα
1996 2042 2193 2129 θέμις.

403 2130 500 2203 13,
521 2128 622 2190 22.
654 2134 779 2214 εἰμὶ
812 2135 920 2216 μὲν
950 2137 1023 2200 οὐ
1049 2137 1286 2221 χρηστὴ
1320 2134 1745 2210 κυάθοις,οὐ’τ’
1781 2132 2034 2199 εὔθετος
2052 2130 2221 2216 οἴνῳ,

655 2216 727 2279 οὐ
774 2220 1006 2283 πίνοντί
1048 2224 1118 2305 μ’
1168 2221 1338 2304 ὅμως
1377 2218 1506 2302 εἰμί
1547 2242 1644 2281 σοι
1683 2217 1858 2301 εἶδαρ
1906 2217 1996 2279 ἐΰ.

404 2299 623 2372 13‚23.
652 2300 942 2387 γηραλέῳ
980 2303 1215 2391 Βάκχῳ
1260 2303 1495 2388 Σητίνῳ
1539 2301 1698 2367 Χῖον
1747 2302 1949 2369 ἐοικὸς

656 2390 860 2463 σῦκον,
909 2389 1167 2473 ἄκρατον
1211 2393 1369 2472 ὁμοῦ
1413 2390 1514 2452 καὶ
1557 2388 1716 2456 ἅλας
1752 2386 1870 2469 ἡδὺ
1920 2384 2115 2470 φέρει.

405 2469 624 2541 13‚28.
651 2474 843 2535 ταῦτά
901 2497 998 2536 σοι
1053 2474 1092 2537 ἃ
1151 2474 1395 2557 σπυρίδι
1450 2472 1730 2557 κορυφοό
1783 2494 1892 2533 ενα
1955 2468 2226 2532 κόκτανα

651 2553 908 2637 ἤλυθον,
932 2557 1080 2621 εἴτοι
1101 2558 1206 2642 ἔην
1233 2557 1506 2639 μείζονα,
1529 2563 1714 2630 σῦκον
1736 2497 1807 2618 ἓν
1827 2554 1921 2640 ἧν.
1966 2548 2229 2636 [πλεκτῇ

403 2638 620 2710 13,18.
653 2640 992 2725 βρωμῶδες
1033 2647 1101 2708 τὸ
1144 2644 1429 2727 τρίχωμα
1476 2639 1863 2726 Ταρεντίνοιο
1906 2638 2171 2723 πράσοιο

654 2726 708 2788 εἰ
758 2724 1004 2809 ἔφαγες,
1047 2728 1295 2794 κλείσας
1343 2726 1411 2788 τὸ
1461 2726 1661 2809 στόμα
1706 2729 1890 2788 κῦσον
1936 2721 2068 2805 ἐμέ.

405 2808 501 2879 13,
528 2807 625 2867 19·
657 2808 844 2878 ἄλσος
880 2810 1182 2896 Ἀρικῖνον
1223 2811 1432 2893 πράσα
1471 2812 1765 2894 τιμήεντα
1805 2807 2045 2871 δίδωσι.

654 2896 872 2958 λευκὸν
924 2896 1042 2977 ὅρα
1084 2894 1355 2980 χλοερᾶς
1384 2897 1615 2959 καυλὸν
1662 2893 1889 2979 ἔχοντα
1932 2890 2148 2974 κόμας.

403 2977 500 3050 13,
519 2977 688 3063 37.ἢ
731 2977 1121 3063 Κορκυραίου
1169 2980 1318 3041 τάδε
1360 2983 1614 3043 κλωνῶν
1661 2979 1736 3063 ἦν
1784 2978 1906 3041 ἀπὸ
1951 2977 2180 3057 κήπου,

486 3085 493 3092 ’
651 3065 690 3147 ἢ
740 3065 842 3126 καὶ
880 3062 1222 3128 Μασσύλου
1272 3067 1440 3147 μῆλα
1479 3065 1812 3148 δράκοντος
1857 3060 1985 3146 ἔην.

401 3147 502 3221 13,
525 3146 624 3207 29.
653 3148 727 3211 τὰ
774 3150 1038 3234 βράβιλα
1082 3149 1258 3233 ξείνῳ
1299 3149 1642 3232 ῥυτιδώδεα
1681 3149 1867 3231 γήραϊ
1905 3145 2074 3214 δέξαι

659 3233 924 3316 σκληρὰς
967 3233 1344 3317 μαλθάσσειν
1385 3232 1686 3317 γαστέρας
1725 3230 2015 3315 ἁρμόδια.

403 3318 503 3390 13,
530 3316 668 3379 104.
700 3319 796 3379 σοὶ
830 3317 973 3382 τόδε
1005 3317 1275 3401 Θησείου
1307 3318 1765 3402 προνομεότρια
1789 3311 2227 3399 πέμψενὙμή·

656 3399 986 3473 Παλλάδος
1006 3403 1075 3466 ἐκ
1096 3402 1374 3507 ξυλόχων
1394 3402 1515 3484 ἡδὺ
1539 3402 1802 3485 μέλισσα
1819 3401 2018 3482 γάνος.
2062 3404 2227 3479 [ττου

402 3486 666 3561 13,105.
699 3486 752 3548 εἰ
779 3485 949 3571 δοίης
973 3486 1268 3555 Σικελοὺς
1286 3484 1509 3572 ’Υβλης
1541 3486 1687 3562 ἄπο,
1729 3485 1950 3548 τούσδε
1974 3483 2228 3566 καλοίης
