2452 4186
1100 339 1217 399 1⁷3

244 502 529 586 ἐνναέτης
559 500 878 587 Ῥοδόπης
918 506 1143 568 λείπων
1187 502 1389 589 ’τὈρφ
1353 513 1487 567 τῖον
1535 503 1732 586 Αἷμον

283 587 491 697 ἦλθ’,
534 589 683 672 ἱππη
693 588 920 673 μολγός
967 589 1017 651 τ’
1068 590 1292 654 ἐνθάδε
1338 540 1762 691 ἐαυρομάτης.

236 671 300 758 χ’
348 672 512 741 ὅστις
556 673 650 735 ἑοὶ
693 615 898 756 πηγὰς
926 670 1162 737 Νείλου
1211 674 1441 738 πίνοντι
1488 672 1749 748 σύνοιδε,

320 757 385 842 χ’
442 757 645 820 ὅντινα
684 758 1056 865 προσκλύζει
1098 758 1170 822 κύ
1179 758 1336 842 μαῦ’
1384 758 1534 826 ἁλὸς
1572 758 1872 842 πυμάτης.

239 841 302 903 ἐν
351 842 458 948 μὲν
493 841 703 926 ’Άραψ
749 841 974 906 σπεύδε
947 844 1099 921 σκ’,
1135 844 1197 905 ἐν
1246 844 1317 909 δὲ
1362 842 1699 926 σπέρχοντο
1738 841 2023 931 Σαβαῖοι.

321 925 464 994 τους
503 923 760 994 Κίλικας
801 928 1051 1011 ῥάνανθ’
1103 927 1220 990 ὧδ’
1267 927 1420 990 ἴδιαι
1464 926 1728 1011 λιβάδες.

234 1009 470 1093 ἤλυθον
518 1009 835 1087 Αἰθίοπες,
875 1012 1240 1095 τηλεκλυτοί
1271 1035 1338 1074 τε
1380 1009 1468 1074 Συ
1470 1009 1757 1115 γαμβροὶ,

321 1095 415 1157 τοὶ
459 1095 588 1176 μὲν
619 1095 1053 1180 ὀπισθοκόμαι,
1096 1098 1191 1160 τοὶ
1237 1097 1306 1161 δὲ
1347 1096 1450 1159 καὶ
1493 1093 1857 1178 ἀκροκόμαι.

233 1181 486 1261 γλῶσσα
511 1180 619 1261 μὲν
652 1181 942 1263 ἀλλήλων
971 1181 1298 1266 μεμέριστο
1328 1181 1628 1264 διάνδιχα.
1674 1179 1864 1263 θρους
1894 1181 1948 1243 δ’
1977 1181 2066 1251 εἷς

252 1316 261 1319 -
321 1265 563 1327 πάντων
610 1263 709 1348 ἦν,
753 1266 895 1353 ὁτιὴ
932 1267 1224 1350 πατρίδος
1267 1265 1399 1329 ἐσσὶ
1434 1267 1654 1348 πατήρ.

241 1435 341 1508 15,
359 1435 461 1494 24.
512 1431 674 1500 ὅστις
717 1434 826 1495 ἀπ’
875 1433 1176 1520 ἐσχατιῶν
1220 1433 1537 1515 ἐπιδημεῖς
1588 1431 1811 1516 ὄψιμος
1853 1434 2064 1518 ιστωρ,

320 1517 511 1600 ἦμαρ.
526 1518 696 1579 τοῦδ’
739 1516 938 1581 ἄθλου
981 1522 1221 1601 πρῶτον
1270 1516 1499 1600 ἔπηλυς
1544 1518 1712 1591 ἰδὼν,

236 1602 392 1685 μήτε
439 1623 508 1663 σε
553 1603 900 1687 ναυμαχίης
944 1603 1018 1666 τὰ
1058 1604 1317 1686 θεώρια,
1368 1602 1519 1706 μήτε
1561 1602 1851 1665 πλανάτω

235 1771 308 1833 δυ
318 1686 617 1838 &aegea
600 1688 913 1856 μδιὶνὶεΐοιῗ
910 1687 1037 1855 λοςε
1039 1685 1695 1876 [ἔῖἱςπεέιῑὶῖεααῗξόνῖόδ
1712 1685 1839 1881 ἀζέ
1833 1795 1933 1855 σῃ.

322 1854 395 1918 ού
451 1854 602 1938 μετὰ
650 1857 833 1940 δηρὸν
881 1798 1014 1941 ἔρξ’
990 1880 1060 1933 ις,
1108 1856 1254 1952 ἄρτι
1285 1856 1575 1919 θάλασσα
1613 1854 1748 1917 τόδ’
1793 1855 1888 1940 ἧν.

238 2026 334 2101 15,
352 2027 454 2087 26.
495 2021 818 2107 Νηρεΐδων
866 2023 941 2086 δι”
981 2024 1130 2132 ὅλρυ
1170 2026 1480 2107 πελάγους
1518 2025 1708 2109 χορὸς
1752 2022 2020 2110 ἑψιόωτο

321 2110 594 2213 σχήμασι
630 2110 961 2173 ποικίλλων
1009 2109 1250 2193 κύματα
1292 2111 1727 2181 παντοδαποῖς.

138 2263 145 2268 K
233 2193 297 2256 ἐν
341 2193 456 2275 γὰρ
499 2190 660 2255 ἔϊκτο
708 2193 920 2299 τρίαιν’
969 2194 1203 2279 ἀγκύρα
1242 2196 1300 2257 τ’
1345 2195 1809 2303 ἀγκυλοχειλής

318 2299 582 2360 ταρσους
623 2295 874 2383 νητρεκε
857 2279 971 2355 ’,ας
1016 2281 1118 2342 καὶ
1163 2282 1415 2385 σκάφος
1442 2278 1723 2382 ᾠόμεθα.

229 2365 334 2427 καὶ
384 2362 672 2444 Διδύμων
722 2362 965 2445 ἄστρον,
1009 2365 1263 2447 τερπνὸν
1310 2363 1593 2468 ναύτῃσιν
1638 2361 1869 2445 ὄνειαρ,

319 2448 480 2510 ἱστία
519 2447 564 2507 τ’
589 2448 852 2553 ἀκραεῖ
883 2470 993 2508 πνε
964 2449 1181 2532 ..ύματι
1224 2445 1564 2531 τεινόμενοι.

228 2534 318 2601 τίς
362 2529 551 2635 μέσῳ
583 2531 643 2593 ἐν
689 2534 946 2615 πελάγει
990 2532 1142 2595 τόσα
1190 2532 1428 2639 μήσατο
1469 2530 1716 2613 παίγνια
1759 2530 1981 2617 τέχνη,

312 2594 551 2679 τοιαῦτ’
596 2617 634 2699 ἢ
683 2616 906 2686 ἐδίδαξ’
956 2642 994 2700 η
1047 2615 1243 2694 Θέτις,
1282 2617 1322 2699 ἢ
1365 2613 1585 2699 ἔμαθε.

233 2789 441 2863 1538.
462 2783 819 2866 Αὐγούστου
834 2784 1123 2868 κλέοςῆν,
1143 2786 1512 2871 συμβάλλειν
1532 2783 1825 2868 ναύμαχα
1839 2784 2057 2869 δουρα,

142 2933 147 2937 ,
318 2871 426 2954 τήν
469 2869 532 2932 θ’
580 2868 702 2931 ἅλα
751 2870 1055 2950 σάλπιγξιν
1103 2874 1303 2933 σεῖσαι
1313 2869 1792 2976 ἐγερσιμάχοις.

224 2952 1138 3123 Κοῖῗαξοςοέἕῗῗὲἳῖἶκὲἓέἕέ
1165 2978 1262 3122 ἐξ,
1256 2977 1388 3122 §32³
1412 2978 1473 3100 a?
1514 2953 1910 3102 ἷὲἒῗεὲἕον.

228 3125 399 3187 εἶδον
447 3122 899 3206 ἐλαυνομένους
943 3123 1196 3207 δίφρους
1242 3124 1389 3191 ἁλὸς
1437 3123 1500 3185 ἐν
1546 3121 1858 3185 σταδίοισι

317 3207 734 3278 δεσποσύνους
773 3204 1007 3289 Τρίτων
1058 3210 1350 3314 μώνυχας
1393 3206 1554 3280 ισκεν
1607 3208 1776 3269 ἰδεῖν.

226 3294 352 3377 ἤδη
404 3294 507 3355 καὶ
550 3293 726 3355 ναυσὶ
768 3314 1074 3399 κρυερους
1118 3290 1356 3355 ἔντυνεν
1406 3291 1675 3360 ἀέθλους

316 3375 564 3461 Νηρευς
607 3375 882 3447 πεζεύειν
878 3376 1159 3524 κύρατ
1206 3376 1605 3459 ἀνηνάμενος.

233 3463 393 3526 ὅσσα
437 3459 747 3545 παρέσχεν
795 3463 940 3552 ὁραν
1030 3459 1420 3543 ππόδρομ.ος,ι
1458 3461 1536 3544 ἠὲ
1577 3459 1863 3543 θέατρον,

318 3548 512 3611 τῶνδε
555 3549 742 3622 ποιεῖ,
784 3542 1028 3627 Καῖσάρ
1074 3545 1133 3608 α’
1170 3544 1373 3629 ἵστορ’
1426 3546 1681 3627 ἀφνειὸν
1718 3545 1938 3629 υδωρ.
