2452 4186
3 1037 42 1164 ἶφι-ι

17 1239 46 1268 τ,
7 1173 49 1218 λζ

0 2138 46 2157 ῑ
0 1973 55 2065 24?

1259 311 1384 371 200

412 474 566 545 Ζεὺς
611 476 679 540 δ’
701 477 1200 561 ἀπαμειβόμενος
1228 501 1346 562 μιν,
1394 478 1516 560 ἐγὼ
1545 477 1695 562 φῆσ’
1730 476 1843 539 οὐκ
1874 476 2236 559 ἀποκρούω,

500 563 750 646 φίλτατε
791 566 923 638 παῖ,
960 562 1066 630 τὰς
1107 563 1234 639 σὰς,
1283 563 1430 626 αὐτὸ
1483 562 1552 624 δὲ
1597 565 1869 645 πρᾶγμα,
1915 562 2100 629 λιτάς.

412 648 747 729 νηρίθμους
792 647 1176 730 θεράποντας
1221 647 1357 732 ἔχει
1408 648 1501 709 σοὶ
1542 644 1782 730 Καῖσαρ
1829 646 2102 727 ὁμοίους.

498 733 601 794 καὶ
638 729 817 793 τόσον
866 730 938 793 οὐ
984 733 1143 816 χάδε
1191 732 1356 815 δῶμ’
1408 731 1669 815 ἄρ’ρενας
1712 730 2015 816 ζσοθέους.

414 815 551 878 ἀλλ’
606 814 680 897 ἤν
730 815 789 877 σ’
833 815 1028 900 ἄνδρα
1069 814 1230 900 κόμη
1278 822 1431 899 ποιῇ
1475 815 1784 901 τμηθεῖσα
1827 813 2085 894 τέλειον,

494 901 582 968 τίς
619 899 692 962 δέ
734 922 838 982 μοι
884 900 952 962 ἐκ
992 900 1224 963 τούτων
1271 899 1517 964 ἔσσεται
1558 898 1873 983 οἰνοχόος;

415 1071 472 1144 9,
492 1070 592 1130 56.
636 1064 951 1151 Καίσαρος
986 1067 1342 1153 ὁπλοφόρος
1367 1069 1609 1155 Λιβύων
1638 1068 1969 1152 ἐπαφίκετο
2000 1067 2242 1151 δήμους

505 1151 962 1237 Σπενδοφόρος.
1013 1149 1104 1214 Τὰ
1145 1152 1231 1228 δ’,
1270 1151 1493 1237 Ἔρως,
1537 1153 1708 1215 παιδὶ
1757 1151 2155 1235 δοθησόμενα

415 1236 549 1299 οἶσε
595 1235 769 1321 βέλη,
816 1236 1079 1343 κούρους
1123 1238 1213 1304 οἷς
1255 1240 1522 1325 βάλλεις,
1563 1238 1654 1306 οἷς
1700 1235 1846 1318 σύγε
1886 1237 2133 1322 κούρας.

499 1322 769 1404 δεξιτερὴ
817 1322 880 1384 δ’
928 1345 1126 1405 εμπης
1168 1322 1353 1408 ἔγχος
1398 1323 1670 1407 ἐλαφρὸν
1718 1320 1873 1405 ἔχοι.
1956 1379 1983 1402 ,

414 1407 663 1482 ἀσπίδα,
707 1407 810 1468 καὶ
856 1406 1098 1489 κυνέην,
1140 1411 1242 1472 καὶ
1291 1431 1388 1470 σοι
1430 1406 1677 1491 θώρηκ’
1727 1407 1954 1488 ἀνίημι.

498 1491 554 1553 εἰ
599 1489 938 1575 μαχέσαιτο
983 1491 1166 1573 μόνον
1214 1494 1459 1575 γυμνὸς,
1506 1491 1777 1576 ἄτρωτος
1817 1489 1929 1552 ἔοι.

411 1574 609 1660 λόγχῃ
655 1576 706 1637 δ’
757 1574 828 1637 οὐ
874 1574 1121 1659 βέβλητ’
1169 1578 1312 1641 οὔτε
1360 1577 1538 1661 ξίφει,
1582 1576 1724 1639 οὔτε
1762 1574 2063 1660 βελέμνῳ,

494 1660 721 1741 γυμνὸς
766 1659 886 1727 ἕως
928 1659 1194 1743 κόρυθος
1241 1661 1713 1746 Παρθενοπαῖος
1763 1659 1892 1742 ἔην.

409 1747 527 1811 πᾶς
571 1743 790 1805 τούτου
839 1743 1120 1828 βελέεσσι
1157 1749 1374 1831 παρεὶς
1416 1746 1515 1808 ὑπ’
1567 1744 1798 1830 ἔρωτος
1839 1744 2090 1806 ὀλεῖται.

496 1827 832 1911 εὐδαίμων,
873 1830 1041 1912 τοίης
1080 1833 1270 1915 κηρὸς
1317 1831 1382 1894 ὃν
1430 1831 1575 1893 αἶσα
1624 1829 1812 1914 μένει.

411 1913 638 1988 νίσσεο,
688 1912 879 1998 μέσφ’
905 1913 966 1975 εἴ
1003 1920 1167 1992 παῖς,
1212 1916 1406 2000 μέσφ’
1436 1914 1655 1977 ἔπλετο
1691 1915 1852 1997 θῆλυ
1876 1911 2236 1996 πρόσωπον.

499 1998 570 2080 σὴ
615 1993 834 2081 Ῥώμη
878 1999 1081 2060 τελέοι
1133 2001 1191 2062 σ’
1233 2001 1447 2084 ἄνδρα,
1487 2001 1588 2063 καὶ
1631 1999 1711 2065 οὐ,
1750 1996 1968 2082 Λιβύη.

411 2169 468 2241 5,
488 2167 587 2227 48.
636 2165 738 2227 καὶ
780 2167 840 2227 τί
865 2164 1023 2250 ἔρως
1052 2168 1122 2231 οὐ
1155 2168 1394 2245 ἔπεισε;
1436 2169 1630 2252 κόμην
1663 2168 1951 2233 ἀέκοντος
1979 2163 2242 2234 ἄνακτος

495 2250 741 2332 κείρατο
789 2247 1133 2333 Εὔκολπος,
1183 2255 1263 2337 μὴ
1309 2254 1374 2315 δ’
1423 2253 1745 2338 ἐρύκοντος
1779 2252 1967 2335 ὅμως.

412 2332 537 2404 εἶξε
585 2333 812 2417 Πόδης,
853 2337 955 2398 καὶ
983 2335 1258 2400 ἔκλαυσ’.
1305 2339 1467 2402 οὕτω
1511 2334 2241 2421 κατάφωροςἈχιλλεὺς

500 2420 748 2501 ξανθὴν,
794 2421 1151 2505 ἀχθομένης
1196 2425 1442 2507 μητρὸς,
1493 2421 1740 2507 ἔθρισσε
1783 2420 1996 2503 κόμην.

411 2507 579 2572 τοῖος
602 2499 797 2571 Ὕλας
841 2505 1138 2589 ἥρπακτο,
1188 2511 1263 2571 τά
1305 2508 1372 2570 θ’
1420 2508 1563 2589 ἡνία
1607 2510 1773 2573 τοῖος
1814 2506 2018 2590 ἀφῆκε

497 2587 898 2672 μεμφόμενος
943 2592 1193 2675 τόλμην,
1237 2598 1326 2677 τῷ
1367 2592 1677 2655 Φαέθοντι
1721 2591 1941 2673 πατήρ.

412 2673 572 2736 ἀλλὰ
615 2673 684 2735 σὺ
727 2675 1030 2738 πιστεύων
1075 2682 1272 2761 κουρᾷ
1318 2678 1399 2760 μὴ
1455 2677 1721 2759 ἐπείγεο,
1764 2676 2011 2757 πώγων.

498 2757 637 2821 ἔλθ’
685 2757 1038 2842 εὐεργεσίης
1087 2761 1150 2824 δ’
1194 2761 1417 2846 ὄψιμος
1458 2762 1587 2824 ἀντὶ
1629 2759 1830 2843 τόσης.

411 2929 584 3004 4,45.
633 2925 729 2987 σοὶ
768 2925 897 2988 τόδ’
936 2928 1086 3012 ὑπὲρ
1132 2929 1346 2991 τέκνου
1381 2935 1576 3012 μεστῇ
1602 2927 1972 3013 λιβανωτίδι,
2017 2928 2240 3012 Φοῖβε,

497 3010 839 3094 Παρθένιος
885 3012 1118 3074 δίδοται
1165 3013 1388 3097 δῶρον,
1437 3014 1875 3097 ἐπευχόμενος,

409 3094 561 3180 ὄφρ’
612 3097 644 3158 ὁ
689 3098 757 3159 τὸ
807 3099 1124 3179 τετραετὲς
1166 3097 1425 3183 πέμπτῳ
1468 3100 1802 3183 λυκάβαντι
1846 3097 2183 3181 χαράσσων

496 3180 833 3263 νηρίθμους
866 3181 1087 3266 τελέσῃ
1137 3179 1424 3267 Βοόῤῥος
1458 3179 1900 3265 Ὀλυμπιάδας.
2164 3206 2167 3207 ’

407 3270 600 3347 κυροῦ
645 3266 750 3346 τὴν
793 3267 1004 3351 εὐχήν.
1064 3267 1263 3334 οὕτως
1307 3269 1372 3330 τὸ
1416 3268 1552 3329 τεὸν
1597 3273 1704 3331 σεδ
1748 3266 2000 3349 δένδρον
2049 3262 2240 3350 ἐρῴη,

494 3350 534 3431 ἥ
577 3371 642 3411 τε
692 3352 1018 3434 κασιγνήτη
1065 3353 1377 3436 παρθένος
1423 3352 1551 3413 αἰὲν
1597 3350 1710 3415 ἔοι.

412 3433 534 3497 αἰεὶ
570 3432 636 3495 θ’
679 3433 974 3517 ἡβάσκοις
1023 3436 1115 3498 σὺ.
1164 3438 1264 3499 καὶ
1310 3435 1381 3499 οὐ
1429 3435 1679 3518 κομόων
1725 3436 1973 3519 ὁράοιτο

495 3514 746 3602 Βάκχος
789 3518 876 3582 ἐνὶ
916 3522 1278 3606 πλοκάμοις,
1321 3521 1397 3606 ἠέ
1444 3520 1539 3596 σὺ,
1595 3519 2016 3605 μακροτέροις.
