2452 4186
1225 314 1350 374 284

463 485 834 554 Foemineis,
882 483 944 540 in
988 484 1123 558 quis
1168 492 1264 542 est
1309 482 1623 543 diuturnus
1667 503 1851 543 amor.

379 570 585 647 Turpe
630 588 778 646 puer
824 568 1158 626 catamitus.
1206 569 1280 626 In
1326 570 1443 627 hoc
1487 569 1636 626 mihi
1679 570 1964 647 displicet
2009 572 2118 631 illa

461 656 859 714 Praematura
901 653 1156 712 horrens
1202 654 1410 712 invida
1450 656 1611 731 pube
1654 655 1826 714 cutis.
1881 710 1887 723 ,

383 824 575 900 ζ(85)
953 817 1133 880 Ψαΰε
1186 818 1623 900 μελισταγέων.

381 909 614 986 Tange,
663 906 862 980 Calix,
903 906 1025 963 mel
1066 906 1221 976 oris3
1270 907 1479 966 habes.
1524 907 1795 984 Mulgere
1842 907 2006 981 licet,
2053 928 2169 968 nec

466 993 704 1051 Invidia
747 999 860 1050 est.
905 991 1153 1050 Utinam
1194 998 1260 1048 tu
1302 992 1463 1066 quod
1506 1010 1595 1065 εει,
1639 993 1772 1067 ipse
1813 993 2044 1052 forem!

385 1163 416 1230 ζ
435 1162 574 1237 (86)
694 1194 695 1197 =
819 1154 1062 1238 Ἵμερτὴ
1111 1152 1321 1238 Μαρίη
1374 1156 1780 1238 μεγαλίζεται.
1841 1172 1850 1180 ·

382 1248 438 1308 O
488 1264 666 1320 quam
710 1244 805 1303 ius
853 1263 1042 1319 penes
1094 1252 1208 1316 est,
1257 1252 1317 1302 et
1358 1265 1500 1303 cura
1542 1245 1863 1304 retundere
1899 1248 2120 1322 fastuS,

464 1332 686 1391 Elatae
724 1329 955 1387 Mariae
1000 1336 1269 1404 pectora,
1322 1330 1480 1402 diva,
1525 1349 1759 1405 preme:

380 1417 523 1476 Non
570 1423 633 1472 ut
674 1422 861 1472 morte
902 1414 1031 1471 luat
1073 1434 1332 1490 poenas,
1380 1416 1488 1473 sed
1531 1415 1752 1472 vertice
1799 1424 1925 1475 toto

471 1500 726 1573 Caneat,
770 1507 830 1556 et
869 1517 1082 1574 corpus
1133 1519 1286 1577 ruga
1336 1500 1549 1558 senilis
1592 1507 1738 1558 aret.

381 1586 625 1663 Exigite
675 1606 710 1643 o
761 1585 895 1642 cani
938 1583 1321 1642 lacrimarum
1367 1585 1606 1643 nominc
1649 1590 1912 1661 poenas:

463 1672 543 1730 Et
585 1669 822 1745 culpam
869 1669 1080 1744 culpae
1128 1671 1370 1730 conscia
1410 1670 1609 1728 forma
1651 1670 1796 1727 luat.

386 1840 578 1916 ((87)
879 1833 1196 1916 Δακρύεις,
1243 1833 1482 1897 ἐλεεινὰ
1519 1838 1746 1902 λαλεῖς.

381 1925 568 1984 Flens
611 1923 905 1997 loqueris,
929 1922 1484 1996 lacrimas,temere
1519 1923 1770 1998 aspicis,
1799 1923 1989 1981 ureris
2036 1932 2228 1984 aestu

470 2009 798 2083 Zelotypo,
840 2014 1144 2079 attrectas,
1193 2008 1407 2066 oscula
1451 2009 1662 2065 crebra
1706 2009 1879 2067 seris.

382 2093 555 2154 Istud
599 2111 801 2149 amare
845 2092 1086 2166 quidem
1134 2101 1255 2151 cst:
1300 2093 1382 2166 id,
1427 2113 1524 2151 me
1566 2093 1823 2166 dicente,
1874 2101 2092 2170 parata

471 2177 640 2251 Sum,
681 2196 816 2234 cum
860 2177 1234 2250 dissimulas,
1283 2198 1401 2236 non
1437 2180 1500 2236 id
1539 2179 1798 2237 amantis
1845 2179 2056 2237 habes.

392 2349 624 2425 ((83)·
975 2340 1191 2421 Μῆλον
1243 2344 1363 2424 ἐγὼ
1418 2346 1650 2429 βάλλει.

383 2434 613 2493 Malum
662 2450 794 2509 eg0,
836 2451 934 2489 me
974 2431 1115 2489 iecit
1152 2433 1255 2507 qui
1294 2440 1355 2490 te
1400 2434 1577 2509 perit.
1624 2452 1823 2491 annue
1866 2433 2099 2491 amanti

472 2517 848 2593 Xanthippe.
893 2524 1166 2576 nostrum
1213 2519 1330 2576 flos
1372 2519 1683 2593 utriusque
1730 2518 1905 2595 perit.

390 2687 581 2764 (0²39)
952 2678 1071 2743 Τὸν
1122 2687 1384 2763 σιγῶντα
1430 2683 1695 2746 Φιλαινὶ.

384 2772 611 2832 Arcani
652 2779 852 2829 mutus
898 2770 1073 2828 testis
1118 2772 1225 2827 fac‘
1259 2771 1462 2829 lumen
1508 2773 1667 2831 olivo

474 2855 569 2917 Sit
609 2866 798 2928 satur,
845 2864 905 2918 et
947 2856 1144 2930 prodi,
1185 2857 1368 2914 chara
1408 2856 1711 2925 Philaeni,
1754 2857 1942 2915 foras.

384 2942 548 3001 Nam
601 2960 739 3001 sese
776 2940 926 2999 vivis
973 2942 1236 3015 spectari
1278 2942 1536 3001 testibus
1579 2942 1707 3001 odit

473 3026 659 3088 Solus
703 3028 906 3084 Amor.
953 3025 1049 3083 Tu
1092 3046 1237 3084 mox
1280 3027 1458 3099 obde,
1507 3026 1809 3099 Philaeni,
1855 3025 2076 3082 forem.

392 3195 582 3273 c(90)
949 3188 1076 3260 Νὺξ
1124 3193 1280 3274 ἱερὴ,
1321 3194 1423 3255 καὶ
1457 3192 1663 3277 λύχνε.

385 3280 628 3357 Nempe
670 3281 849 3338 ambo
895 3280 1128 3338 alterno
1172 3281 1503 3340 iuravimus
1548 3281 1760 3339 ordine
1789 3287 2063 3357 pactam,

473 3365 681 3424 Testis
727 3366 847 3424 eris
882 3373 948 3423 tu
987 3364 1148 3439 Nox,
1194 3373 1377 3442 tuque
1422 3367 1719 3440 Lucerna,
1758 3366 1958 3422 fidem.

386 3450 472 3511 Ut
507 3450 703 3509 neutri
741 3458 1016 3509 neutrum
1060 3451 1155 3510 fas
1197 3460 1364 3510 esset
1405 3450 1639 3523 fallere,
1681 3451 1850 3509 vobis

474 3535 787 3607 Testibus,
833 3544 1083 3612 accepta
1123 3544 1238 3610 est,
1286 3545 1344 3595 et
1385 3536 1524 3594 data
1563 3536 1842 3611 utrinque
1881 3534 2058 3593 fides.
