2452 4186
1081 307 1246 375 2890

233 481 291 537 2.
384 476 508 552 Qui
547 476 670 533 vini
718 476 1065 534 excessisse
1107 477 1350 536 modum
1397 495 1466 533 se
1509 477 1812 553 postulatz
1854 477 2054 552 impos

313 563 428 620 Est
468 562 675 633 animi,
717 562 961 639 linguae
1006 569 1100 620 est
1134 562 1335 638 impos
1383 568 1443 618 et
1484 561 1589 619 ille
1635 580 1800 620 suae.

228 652 426 721 Atque
472 647 762 723 oggannit
800 647 1027 721 inepta,
1076 654 1135 704 et
1179 666 1332 720 quae
1377 646 1731 723 turpissima
1770 647 1970 717 siccis,

313 731 421 790 Nil
467 739 527 788 et
568 731 973 808 inexpertum,
1019 732 1158 788 dum
1205 732 1406 789 madet
1447 732 1603 806 ipse,
1648 731 1809 789 finit.-

226 819 431 875 Mente
471 817 639 892 prius
687 835 956 893 compos,
1001 826 1141 874 tunc
1188 817 1411 875 infans.
1456 817 1620 893 Ergo
1670 823 1971 875 memento

312 903 478 959 Intra
520 901 855 978 legitimum
904 920 1141 959 sumere
1192 903 1335 959 vina
1385 902 1649 961 modum.

152 1040 176 1057 ,
229 985 425 1063 Surge
469 986 636 1061 prius
682 1005 857 1061 quam
903 1005 1074 1045 mens
1121 987 1265 1044 vino
1305 987 1661 1063 deponitur:
1706 993 1767 1043 et
1807 1006 1907 1060 ne,

313 1072 399 1131 Ut
442 1071 717 1129 mercede
760 1091 1023 1144 merens,
1070 1080 1280 1129 ventre
1324 1072 1585 1144 traham,
1630 1071 1785 1129 vide.

229 1243 289 1300 3.
380 1242 705 1299 Mensurae
747 1240 972 1299 oblitos
1024 1241 1147 1300 vini
1190 1242 1281 1299 vis
1324 1253 1587 1317 sumpta,
1636 1240 1976 1298 modestum

313 1326 396 1383 Et
439 1326 707 1397 stultum,
756 1344 983 1384 vacuos
1027 1326 1249 1384 mentis
1295 1333 1585 1399 utrosque
1628 1325 1794 1382 facit.

227 1413 683 1487 Argentumque
727 1429 1056 1485 aurumque
1097 1410 1420 1486 explorant
1455 1411 1597 1486 igne
1641 1410 1849 1484 periti:

315 1499 436 1554 Ast
470 1496 773 1553 hominum
816 1497 1000 1553 nudat
1037 1496 1256 1553 mentis
1307 1502 1517 1570 operta
1560 1514 1790 1551 merum

229 1581 520 1655 Quamvis
570 1581 954 1657 prudentum,
994 1581 1323 1655 vitiumque
1367 1580 1673 1637 examinat
1712 1597 1914 1650 omne,
1960 1587 2020 1635 et

314 1667 435 1724 Vel
481 1667 672 1724 cautis
716 1667 974 1723 rubeant
1014 1685 1121 1723 ora
1163 1666 1419 1742 pudore,
1463 1665 1624 1722 facit.

227 1754 391 1812 Vina
430 1761 607 1827 caput
639 1751 787 1807 mihi
832 1752 1193 1824 concutiunt,
1242 1750 1661 1810 Onomacrite:
1707 1749 1834 1825 agit
1874 1765 1971 1804 me

313 1838 570 1895 Vinum:
615 1855 727 1894 nec
768 1836 988 1895 mentis
1039 1845 1133 1894 sat
1182 1838 1339 1894 bene
1386 1853 1640 1911 compos
1687 1852 1819 1910 ego.

230 1923 390 1980 Tota
430 1922 645 1980 domus
687 1921 909 1978 circum
951 1923 1229 1995 quatitur.
1278 1919 1400 1981 Sed
1443 1939 1622 1996 surge
1661 1937 1806 1995 age,
1853 1916 2055 1976 sodes:

315 2007 635 2082 Experiar,
681 2006 805 2064 vini
844 2008 936 2064 vis
982 2007 1279 2064 habeatne
1324 2006 1539 2082 pedeS‚

228 2095 428 2169 Atque
473 2092 658 2150 animi
703 2100 985 2149 mentem.
1033 2101 1237 2150 metuo
1284 2090 1442 2149 male
1488 2110 1566 2148 ne
1609 2088 1750 2165 quid
1788 2089 2057 2164 ineptum

315 2178 538 2236 Ebrius
586 2186 647 2234 et
687 2177 985 2249 madidus,
1028 2197 1181 2235 neve
1225 2176 1511 2253 pudenda
1551 2193 1773 2252 geram.

231 2264 486 2322 Temeto
531 2261 717 2320 nimio
765 2263 819 2320 si
864 2261 998 2337 plus
1045 2273 1236 2334 utare,
1289 2262 1563 2319 nocebit:

321 2347 386 2408 Si
425 2348 691 2419 modic0‚
733 2347 894 2404 haud
939 2356 1176 2418 noceat,
1225 2346 1493 2422 proderit
1538 2345 1661 2400 imo
1709 2342 1922 2419 magis.

926 2516 1349 2573 Eratosthenis.

231 2600 481 2658 Viribus
534 2602 885 2677 aequiparat
935 2602 1210 2659 flammae
1259 2594 1812 2658 simul.insinuavit

318 2686 544 2745 Vinum
586 2686 915 2758 hominem,
960 2685 1155 2760 qualis
1200 2684 1366 2743 salsa
1410 2679 1710 2757 profunda
1753 2676 1960 2748 maris,

234 2772 358 2827 Aut
392 2770 640 2845 Aquilo,
687 2779 788 2827 aut
828 2771 923 2829 vis
967 2772 1175 2829 Austri
1220 2776 1481 2839 exercet,
1536 2772 1746 2840 operta
1787 2762 2059 2838 resignat

320 2856 641 2926 FundituS‚
702 2864 879 2931 atque
921 2857 1225 2913 hominum
1267 2861 1515 2930 pectora
1562 2859 1691 2909 tota
1729 2848 1936 2923 quatit.

1010 3024 1269 3081 Hesiodi.

243 3107 465 3182 Qualia
511 3109 666 3165 dona
708 3108 873 3165 dedit
912 3109 1118 3179 Liber,
1161 3108 1438 3182 vitaeque
1481 3107 1713 3174 beatae,

240 3193 672 3267 Materiamque
713 3194 854 3266 odii,
898 3200 1136 3268 praeter
1176 3193 1271 3250 ius
1315 3193 1455 3249 vina
1494 3188 1741 3247 bibenti.

241 3276 317 3335 Et
360 3278 631 3355 linguam
675 3280 895 3350 caecis,
961 3285 1339 3350 mentemque
1379 3274 1683 3351 pedesque
1726 3288 2059 3346 manusque

244 3360 474 3422 Vinclis
518 3364 786 3441 stringit:
833 3371 896 3421 at
939 3363 993 3420 is
1036 3362 1299 3420 declinat
1336 3360 1563 3418 lumina
1609 3376 1845 3416 somno.

1579 3494 1675 3586 19⁴
