2452 4186
1234 292 1359 352 370

393 463 457 523 N
459 463 681 523 atantis
728 463 852 519 alni
895 461 1222 534 caudicem,
1268 470 1335 520 ut
1381 463 1796 548 crepusculum

393 549 613 607 Puella
657 567 879 620 serum,
921 546 1128 604 mobili
1180 546 1315 605 visu
1356 547 1593 625 legens,

397 634 648 694 Aheneo
686 633 938 691 latronis
986 650 1134 690 ense
1180 631 1407 689 territa.

245 714 380 772 1435
398 719 573 778 Multi
613 718 883 789 labores,
923 715 1114 774 multa
1148 716 1297 774 belli
1338 717 1555 775 funera

392 805 588 863 Erunt
626 804 906 875 virorum,
949 820 1107 858 nunc
1151 801 1354 878 gravis
1401 801 1731 860 certamina

314 927 315 932 κ
403 889 500 949 Ob
548 896 788 966 sceptra
830 887 1005 964 regni
1045 886 1284 945 fortiter
1325 883 1703 959 certantium,

394 973 576 1033 Nunc
617 974 880 1031 exaratis
920 972 984 1028 in
1030 972 1213 1029 boum
1251 972 1607 1030 novalibus:

396 1059 559 1117 Dum
603 1059 820 1117 crudus
863 1059 1047 1115 heros
1094 1056 1296 1131 sopiat
1336 1057 1565 1115 bellum
1614 1074 1798 1133 grave

244 1144 382 1198 1440
398 1145 494 1203 Ab
539 1146 741 1202 Aeaco
785 1151 962 1216 atque
1004 1140 1294 1199 Dardano
1336 1141 1564 1200 ducens
1608 1159 1822 1218 genus,

399 1229 772 1305 Thesprotus
812 1235 1126 1301 utrumque
1175 1234 1236 1283 et
1261 1225 1691 1288 ,Chaladraeus
1735 1225 1873 1284 leo:

400 1313 660 1373 Omnem
706 1321 766 1370 et
815 1312 1104 1386 supinans
1149 1311 1355 1369 fratris
1399 1330 1672 1370 eversam
1712 1312 1981 1383 domum,

395 1397 854 1457 Formidolosos
889 1405 1066 1474 coget
1108 1397 1371 1473 Argivos
1412 1397 1595 1455 duces

397 1483 561 1542 Ditis
609 1482 947 1541 Chaladrae
995 1500 1244 1540 saevum
1285 1481 1521 1540 adulari
1557 1481 1786 1556 lupum,

245 1570 378 1625 1445
396 1570 477 1627 Et
519 1576 763 1645 sceptra
799 1568 982 1644 prisci
1018 1566 1395 1643 principatus
1439 1567 1697 1624 tradere.

399 1653 514 1713 Cui
560 1661 735 1711 sexta
771 1653 889 1710 iam
930 1660 1070 1728 post
1111 1651 1317 1709 saecla
1358 1659 1653 1729 cognatus
1692 1669 1862 1709 meus

397 1740 616 1797 Manus
654 1739 890 1796 feroces
930 1755 1253 1795 conserens
1303 1736 1707 1811 quinquertiO,

395 1823 743 1897 Terraeque
787 1841 1097 1898 aquaeque
1140 1841 1262 1879 non
1301 1840 1589 1880 recusans
1638 1821 1935 1897 sagmina,

394 1909 562 1965 Inter
602 1908 850 1966 sodales
897 1917 1019 1964 tum
1068 1906 1230 1964 cluet
1270 1907 1649 1978 veterrimuS,

244 1993 380 2047 1450
394 1993 612 2050 Partas
657 1991 856 2049 duello
904 1992 1149 2068 primitu
1197 1992 1449 2049 exuvias
1488 1992 1713 2050 serena.

397 2075 556 2151 Quid
592 2076 815 2135 misera
855 2076 1100 2153 longum
1142 2082 1377 2151 tempus
1424 2076 1488 2134 in
1535 2077 1748 2136 surdas
1792 2083 2025 2153 petraS,

399 2160 628 2222 Surdas
672 2160 993 2238 procellas,
1035 2161 1238 2219 irritas
1282 2169 1488 2220 cautes
1533 2163 1772 2236 loquor,

397 2246 604 2307 Sonos
646 2248 862 2305 inanes
904 2247 1028 2304 oris
1070 2247 1379 2304 incassum
1419 2246 1630 2305 ciens?

397 2331 693 2391 Nostram
739 2332 1054 2408 obrogavit
1096 2330 1342 2408 Nuptus
1390 2333 1712 2405 antiquans
1756 2329 1961 2403 fidem,

245 2421 378 2478 1455
399 2418 664 2476 Rumore
708 2437 867 2476 vano
907 2417 1309 2475 veriverbium
1349 2417 1617 2488 illinenS,

396 2504 779 2576 Mentemque
827 2510 1026 2560 certae
1069 2502 1347 2560 dictionis
1392 2520 1702 2578 augurem,

395 2588 629 2646 Passus
669 2588 973 2662 repulsam
1007 2606 1261 2661 quorum
1308 2589 1550 2644 amabat
1594 2585 1858 2661 assequi.

397 2673 622 2731 Veram
661 2690 800 2730 esse
846 2672 1047 2744 faciet,
1095 2680 1157 2729 et
1194 2671 1356 2730 malo
1404 2673 1652 2730 edoctus
1699 2691 1806 2730 suo

401 2755 575 2829 Quis,
622 2757 785 2831 quod
824 2757 1066 2815 iuvandi
1111 2757 1370 2832 patriam
1414 2757 1584 2814 nulla
1630 2767 1723 2815 est
1760 2757 1880 2827 via,

244 2844 380 2901 1460
401 2840 786 2900 Carmentam
828 2842 1065 2899 abunde
1106 2841 1488 2899 hirundinem
1525 2841 1874 2900 laudaverit.

397 2926 657 2984 Tantum
699 2925 900 2984 locuta
941 2934 1054 2998 est,
1104 2934 1163 2983 et
1206 2928 1521 3004 reciproco
1567 2929 1722 3004 pede

395 3011 589 3070 Recta
630 3012 880 3088 petebat
924 3029 1148 3083 carcer,
1197 3020 1376 3086 atque
1422 3012 1486 3069 in
1526 3021 1772 3089 pectore

397 3094 631 3155 Sirenis
677 3097 983 3173 expiravit
1023 3095 1271 3155 ultimos
1319 3097 1538 3155 modos

398 3179 562 3239 Clari
610 3181 1145 3257 sacerdos„atqne
1186 3180 1395 3241 Nesus
1442 3182 1608 3240 filiae

244 3271 380 3327 1465
395 3267 606 3342 Augur
634 3266 920 3339 satelles,
966 3266 1143 3340 quale
1185 3267 1460 3325 Picatum
1500 3269 1731 3345 loquax

397 3351 751 3423 Monstrum,
793 3352 1066 3410 involuta
1107 3352 1293 3410 verba
1329 3353 1471 3411 lime
1507 3353 1791 3412 tinniens.

395 3437 526 3514 Ego
564 3435 956 3511 implicatum.
981 3437 1363 3497 nuntiaturus
1410 3439 1517 3497 tibi

397 3520 555 3580 Veni
595 3519 890 3580 furentem
931 3521 1181 3600 virginis
1224 3522 1455 3594 Fatuae
1497 3542 1728 3598 sonum,
