2452 4186
1058 295 1175 354 111

263 454 347 518 Ὦ
392 456 544 520 πόσι
589 458 858 540 ἐκμήνας
905 458 1133 541 τούμὸν
1192 460 1375 545 ἔρωτι
1412 461 1585 544 κέαρ.

202 538 324 603 Νῦν
370 542 427 603 δ’
460 541 493 604 ὃ
534 541 741 609 θέλεις
924 542 1070 626 ἄνερ
1115 544 1395 627 ἔσσομαι.
1441 547 1570 608 ἀντὶ
1614 548 1925 632 δάμαρτος
1964 545 2031 610 δ’

281 624 435 687 Αἴκε
480 625 707 695 θέλεις.
759 626 831 689 σὺ
879 628 939 688 δ’
988 629 1154 696 ὅλως
1199 628 1323 691 ἴσθι
1363 654 1466 711 μοι
1510 631 1638 693 ἀντὶ
1682 632 1838 716 βίου.

753 829 1030 954 mim
1078 877 1438 958 amomi.

880 1050 931 1104 1.
999 1047 1367 1123 Superstitio.

202 1130 534 1204 Postquam
578 1131 831 1188 suborta
869 1132 1183 1189 criminum
1234 1133 1483 1190 licentia

203 1215 523 1273 Labefecit
564 1215 761 1272 almae
803 1217 1091 1275 Veritatis
1137 1217 1403 1288 moenia,

202 1298 371 1372 Quae
412 1319 639 1357 numen
673 1300 877 1378 ipsum
924 1302 1195 1359 condidit
1234 1303 1421 1360 verbo
1470 1319 1612 1360 suo:

201 1384 416 1442 Palam
455 1384 787 1461 imperatus
833 1395 895 1443 et
936 1395 1213 1462 receptus
1258 1386 1497 1463 legibus

202 1471 516 1547 Augustus
565 1489 754 1543 error,
802 1480 1135 1547 sanctaque
1176 1471 1523 1548 ignorantia

199 1555 481 1614 Defensa
522 1555 817 1631 paulatim
862 1557 1273 1633 impudentiae
1312 1557 1586 1628 ausibus,

201 1640 334 1699 Usu
376 1649 636 1716 tyranno
680 1650 859 1698 nacta
905 1642 1022 1698 vim
1067 1641 1358 1699 scientiae

202 1724 539 1783 Hominum
583 1727 836 1802 supinas
880 1726 1282 1785 conscientias
1331 1727 1481 1802 ligat

201 1811 437 1868 Vocum
483 1811 791 1883 numellis,
839 1812 1116 1871 cassibus
1157 1812 1621 1888 sophismatum.

201 1895 515 1953 Iniuriosa
560 1895 774 1953 deinde
817 1897 1019 1972 pietas
1061 1897 1121 1953 in
1161 1896 1383 1965 Deum,

205 1980 404 2055 Quem
443 1981 655 2037 metuit
691 1982 965 2055 hon-ene,
1005 1991 1066 2039 et
1103 1982 1429 2057 profanans
1460 2000 1649 2056 quem
1694 1980 1860 2039 colit:

203 2066 384 2139 Tum,
429 2084 586 2142 quae
628 2066 925 2143 imperitis
969 2068 1099 2126 sola
1138 2068 1485 2125 velamenta
1525 2075 1686 2140 sunt,

200 2152 371 2210 Falsi
413 2159 708 2224 vetustas,
754 2161 932 2227 atque
976 2154 1190 2228 culpae
1229 2153 1583 2224 auctoritas,

202 2237 660 2295 Lenocinantur
704 2237 924 2296 mentis
965 2257 1189 2315 aegrae
1239 2238 1513 2309 somniiS,

203 2323 282 2380 Et
321 2322 446 2379 iam
489 2322 735 2380 labante
780 2323 1016 2399 pariete
1060 2323 1356 2380 inclinant
1400 2322 1617 2399 magiS,

205 2406 441 2466 Stultae
486 2405 725 2466 Suadae
771 2409 1089 2484 splendide
1131 2408 1326 2465 fallax
1378 2426 1564 2478 amor,

204 2492 397 2550 Vanis
439 2492 504 2549 in
546 2493 766 2550 animis
808 2493 910 2566 qui
947 2493 1260 2551 cuniculos
1304 2492 1450 2567 agit,

205 2576 291 2636 Ut
333 2577 622 2635 Veritatis
662 2578 912 2636 subruat
954 2579 1382 2647 constantiam,

208 2661 363 2719 Tum
405 2662 640 2720 fortuiti
685 2664 827 2719 ficta
870 2664 1161 2722 maiestas
1204 2662 1386 2732 sacri,
1450 2689 1475 2697 κ

203 2746 429 2804 Fraudi
473 2747 744 2821 colorem
787 2749 1185 2806 castimoniae
1225 2747 1488 2804 illinunt.

203 2832 319 2889 Est
362 2850 607 2908 semper
649 2833 882 2907 aliquid
919 2833 1080 2908 quod
1123 2834 1312 2891 refert
1350 2831 1650 2889 mendacii

204 2917 275 2973 In
319 2917 656 2974 claritatem
705 2917 890 2976 dubia
928 2918 1251 2976 stultorum
1296 2918 1467 2976 fides.

749 3088 807 3144 2.
885 3088 1069 3146 Amor
1102 3089 1492 3146 monachatus.

209 3168 278 3230 Si
319 3171 559 3228 laudem
609 3171 672 3228 in
718 3172 921 3230 animo
971 3173 1189 3231 statuis
1238 3191 1378 3230 esse
1424 3172 1777 3243 maximam,

207 3253 454 3315 Servire
497 3256 735 3332 patriae
777 3257 1158 3332 publicisque
1205 3257 1566 3327 commodiS,

207 3337 353 3399 Sive
405 3342 468 3398 in
513 3339 764 3413 Senatu,
814 3342 943 3400 sive
986 3343 1046 3399 in
1094 3341 1237 3398 aula
1278 3341 1586 3418 Principis

205 3424 300 3482 Te
343 3421 469 3484 vita
514 3444 759 3504 semper
796 3436 1048 3485 actuosa
1092 3427 1384 3497 exercuit,

200 3509 393 3570 Domi
432 3512 701 3584 beatum,
744 3511 1080 3589 gloriosum
1123 3511 1392 3589 publice:
