2452 4186
1136 328 1261 390 343

282 497 366 554 Et
408 495 652 552 tertium
694 495 895 572 ligone
945 494 1495 558 Thebarum‘falas

284 582 542 640 Aheneo
591 579 973 639 demolientis
1015 582 1231 656 filium,

286 665 481 739 Quem
527 664 848 725 Strebulus
903 666 1047 724 olim
1097 666 1335 727 Consus
1380 669 1526 746 agili
1572 670 1811 729 discidit

285 751 605 809 Pilumnus
646 770 754 807 ora
792 751 1103 827 dissipans
1150 753 1468 827 sudacu10,

287 836 547 912 Quando
581 842 822 892 creatae
863 834 1065 894 Nocte
1109 856 1438 914 germanos
1481 840 1676 916 patris

284 921 384 980 Ad
422 941 608 978 unum
649 938 919 979 amorem
960 930 1203 980 mutuae
1250 933 1561 983 armarunt
1598 926 1786 983 necis.

284 1006 424 1065 Duo
468 1014 531 1063 at
578 1005 868 1064 scatentis
905 1006 984 1063 ad
1026 1008 1255 1065 fluenta
1293 1009 1543 1085 Pyrami

284 1091 558 1150 Deraeni
603 1099 856 1149 ovantes
903 1093 1136 1168 vcrtagi
1178 1094 1282 1150 icti
1326 1104 1534 1153 mutua

284 1176 771 1253 Depraeliabunt
815 1176 998 1248 caede
1039 1178 1328 1235 barritum
1370 1180 1644 1237 ultimum

287 1260 539 1321 Subtele
579 1261 644 1317 in
684 1260 824 1336 ipso
869 1261 1122 1337 virginis
1163 1262 1586 1340 Pamphyliae.

282 1346 585 1420 Altusque
627 1365 795 1404 rumo
841 1345 1044 1403 sulcus
1090 1347 1155 1403 in
1198 1349 1531 1407 meditullio

287 1430 488 1492 Stabit
526 1432 846 1508 Megareus
889 1430 1188 1506 cespitum
1226 1434 1570 1505 nitentium,

282 1516 370 1575 Ut
418 1536 496 1574 ne
533 1516 596 1572 in
639 1515 963 1592 profundis
1005 1516 1266 1574 inferum
1310 1519 1602 1577 sedilibus

288 1601 534 1660 Imbuta
574 1608 825 1658 cernant
870 1602 1049 1674 busta
1093 1602 1381 1662 caedibus
1430 1619 1560 1662 sua.

285 1690 369 1745 At
411 1686 674 1761 quinque
726 1685 942 1743 dehinc
986 1684 1326 1745 Cerastiam
1376 1690 1440 1745 in
1482 1688 1844 1764 Vespariam

282 1772 367 1829 Et
400 1772 686 1830 bitientes
728 1769 1086 1830 Satrachum
1126 1780 1185 1828 et
1225 1770 1461 1832 Silvani
1505 1774 1771 1850 humum,

284 1856 472 1914 quta
510 1856 843 1913 manebunt
876 1857 1164 1913 Murtiam
1209 1857 1604 1928 Zerinthiam.

282 1941 462 2001 Unus
506 1941 778 2017 parentis
818 1941 1073 2000 exulans
1118 1943 1406 2001 conviciis

286 2026 549 2104 Cychrei
587 2026 863 2085 cavernis
906 2026 1246 2103 Bocarique
1290 2029 1557 2101 flumine,

282 2115 463 2191 Meus
513 2112 820 2183 sobrinus,
862 2121 928 2169 ut
961 2120 1272 2188 peremtor
1307 2115 1491 2190 patrii

280 2197 474 2270 Pulli,
515 2199 767 2256 nothum
806 2217 1174 2275 propagmen
1222 2208 1283 2256 et
1315 2201 1489 2258 labes
1534 2200 1771 2271 domuS,

281 2282 545 2340 Rabiem
588 2284 889 2340 vomentis
938 2283 1295 2346 bellicosam
1342 2284 1628 2353 ovilibuS,

281 2367 448 2426 Ravi
493 2367 691 2425 leonis
740 2386 919 2441 quem
960 2367 1100 2441 pilis
1140 2368 1399 2426 horrens
1444 2368 1597 2425 cutis

279 2452 485 2511 Runis
529 2453 773 2530 tegebat
810 2452 1018 2509 aeneis
1058 2451 1438 2528 impervium,

283 2538 643 2596 Obnoxiam
687 2555 866 2594 unam
912 2536 1323 2612 possidentem
1369 2536 1645 2596 semitam

279 2622 384 2681 Ad
427 2623 575 2694 fata,
616 2640 792 2697 quam
838 2622 1061 2698 vagina
1108 2620 1345 2679 celabat
1390 2620 1678 2697 Scythae,

281 2705 442 2766 Cum
487 2707 670 2765 durus
715 2706 970 2765 adolens
1026 2724 1201 2764 sacra
1253 2705 1516 2784 Comyro
1563 2706 1659 2763 leo

280 2792 415 2853 Suo
458 2792 698 2869 parenti
736 2792 898 2850 fatus
943 2800 1037 2849 est
1082 2791 1280 2849 claras
1323 2810 1557 2867 preces,

275 2876 634 2936 Immussuli
680 2877 844 2934 ulnis
886 2878 1236 2935 subrumum
1278 2886 1528 2954 gestans
1581 2877 1729 2936 suis.

275 2959 421 3021 Nec
459 2963 597 3038 ipse
638 2961 846 3019 credat
885 2962 1004 3019 hoc
1041 2980 1293 3036 parens,
1337 2963 1502 3037 quod
1543 2961 1862 3021 Lemnium

272 3046 540 3106 Fulmen
581 3047 787 3120 duelli,
831 3046 1075 3104 nescius
1121 3048 1315 3121 turpis
1361 3047 1543 3124 fugae

279 3131 433 3190 Trio
480 3132 764 3189 efferatus
807 3133 1108 3208 hospitum
1150 3131 1559 3190 infensissimi

279 3217 554 3276 Traiecit
594 3218 675 3275 ile
716 3236 987 3287 munere,
1035 3216 1287 3273 urinans
1334 3216 1531 3277 ferum

280 3295 522 3364 Saltum
570 3302 828 3377 tepentis
874 3301 1040 3380 ensis
1087 3301 1164 3357 ad
1204 3309 1503 3376 promtam
1546 3318 1785 3360 necem:

274 3389 673 3462 Fratremque
713 3386 1024 3445 Trambeli
1067 3385 1172 3442 ille
1215 3387 1413 3460 patria
1461 3384 1675 3462 exigit,

278 3472 565 3549 Cognata
599 3473 795 3547 ,patris
840 3491 1016 3548 quem
1062 3470 1223 3546 parit
1266 3471 1571 3530 nixu-suo

276 3558 535 3616 Donata
575 3557 803 3632 praeda
845 3557 1089 3615 dirutori
1132 3557 1463 3630 moenium,

2115 670 2215 724 435

2113 1094 2219 1146 440

2115 1515 2217 1569 445

2119 1940 2223 1994 450

2121 2362 2223 2415 455

2120 2788 2225 2841 460

2119 3211 2225 3267 465
