2452 4186
1264 307 1387 368 306

412 475 607 549 Quam
651 476 1154 553 opulentitatem?
1195 497 1438 553 nanque
1483 496 1598 555 ego
1640 478 1704 534 in
1750 484 1810 533 te
1853 483 1977 535 tota
2019 496 2179 537 sum.

273 557 380 614 520
415 560 512 622 Sit
548 569 607 618 et
646 561 791 619 mihi
831 570 1147 638 respectus
1196 563 1435 638 aliquis.
1486 582 1624 623 nam
1666 563 1866 620 bonos

411 648 716 705 Memores
761 646 979 722 prioris
1024 666 1162 706 esse
1206 648 1510 706 benefacti
1551 647 1832 705 addecet:

410 733 491 790 Et
534 732 729 809 gratia
773 731 895 789 alia
932 733 1189 809 gratiam
1229 753 1471 810 semper
1514 732 1691 809 parit.

413 815 482 878 Si
530 836 707 892 quem
752 818 1032 876 beneficii
1075 819 1348 894 ceperint
1392 819 1642 889 oblivia,
1687 854 1692 857 -

413 901 560 961 Non
606 909 699 960 est
741 902 903 975 quod
940 901 1046 960 ille
1087 903 1259 963 fortis
1303 912 1407 961 aut
1450 905 1641 962 bonus
1684 901 1833 958 fuat.

272 985 374 1039 525
412 985 522 1045 Ch.
608 986 877 1059 Utinam,
923 988 1009 1045 tui
1047 995 1113 1044 ut
1157 1006 1255 1046 me
1297 988 1565 1059 miseret,
1609 987 1796 1059 Aiax,
1829 993 1890 1043 te
1932 1003 2183 1061 quoque

408 1072 758 1132 Misereret:
801 1072 979 1131 huius
1026 1074 1211 1130 verba
1257 1073 1560 1144 laudares,
1612 1072 1762 1131 scio.

407 1157 505 1218 Ai.
592 1157 782 1233 Atqui
824 1156 934 1213 illa
972 1157 1146 1216 nobis
1192 1159 1424 1216 affatim
1457 1158 1823 1227 laudabitur,

409 1241 478 1302 Si
523 1250 767 1300 strenue
809 1242 969 1300 ausit
1011 1251 1224 1301 nostra
1266 1245 1551 1301 mandata
1597 1242 1833 1316 exequi.

407 1327 553 1385 Tec.
596 1327 862 1399 Pareb0,
905 1326 988 1384 mi
1030 1328 1220 1387 Aiax:
1273 1338 1490 1387 cuncta
1529 1326 1875 1405 properabo
1920 1323 2165 1399 exequi.

268 1416 374 1470 530
407 1412 505 1470 Ai.
591 1414 858 1471 Arcesse
903 1431 1157 1488 puerum
1201 1433 1361 1471 nunc
1397 1414 1566 1485 mihi,
1608 1420 1674 1470 ut
1718 1411 1978 1479 videam,
2020 1427 2245 1466 meum.

409 1496 555 1554 Tec.
599 1498 787 1572 Atqui
830 1498 999 1556 foras
1047 1498 1398 1570 eduxeram,
1450 1506 1725 1556 metuens
1775 1496 1850 1555 ei.

403 1582 503 1641 Ai.
592 1581 754 1640 Dum
799 1583 1151 1640 fluctuarem
1191 1583 1254 1640 in
1303 1585 1397 1642 his
1441 1583 1618 1641 malis
1663 1601 1795 1659 ego,
1842 1585 1946 1636 aut
1988 1577 2138 1635 ubi?

407 1666 552 1724 Teo.
597 1666 696 1724 Ne
743 1667 976 1726 scilicet
1013 1668 1241 1743 periret
1284 1688 1534 1727 occursu
1577 1675 1703 1726 tuo.

406 1751 503 1809 Ai.
594 1751 733 1811 Hoc
779 1752 923 1809 defit
962 1772 1145 1810 uuum
1188 1773 1407 1831 nempe
1451 1756 1724 1813 fortunae
1767 1769 1963 1809 meae.

267 1840 371 1895 535
407 1836 553 1894 Tec.
595 1838 730 1915 Ego
772 1837 1104 1895 vindicavi:
1149 1839 1314 1912 quod
1350 1840 1589 1913 quidem
1637 1834 1959 1896 suffecerit.

403 1922 502 1981 Ai.
589 1923 671 1979 Et
713 1922 897 1979 laudo
936 1921 1183 1995 factum,
1231 1932 1291 1981 et
1338 1923 1772 1999 perspicaciam
1818 1930 2001 1979 tuam.

404 2006 550 2064 Tec.
594 2005 717 2065 Sed
762 2006 906 2081 quid
944 2007 1151 2064 iuvare
1196 2017 1255 2064 te
1300 2028 1516 2082 queam
1557 2010 1673 2067 hoc
1715 2008 1875 2064 facto
1915 2004 2098 2062 meo?

401 2091 499 2150 Ai.
587 2090 673 2151 Ut
712 2090 937 2166 alloqui
979 2092 1242 2168 possim,
1294 2103 1477 2169 utque
1519 2091 1944 2170 conspicarier.

402 2176 548 2234 Teo.
587 2175 928 2234 Famularis
976 2176 1148 2234 illum
1193 2188 1472 2237 asservat
1515 2180 1611 2237 hic
1656 2178 1949 2237 custodia.

264 2265 369 2319 540
401 2262 499 2322 Ai.
590 2259 715 2321 Sed
757 2280 911 2335 quae
954 2280 1129 2319 mora
1170 2264 1301 2322 eius
1344 2264 1576 2322 distulit
1613 2260 2064 2340 praesentiam?

403 2347 548 2405 Tec.
594 2345 765 2405 Heus
807 2366 980 2423 puer,
1026 2347 1346 2407 adesdum:
1387 2358 1446 2406 te
1491 2358 1667 2426 pater
1707 2357 1910 2407 vocat:
1954 2345 2115 2404 veni.

400 2431 560 2504 Huc,
605 2432 716 2504 sis,
765 2451 878 2509 age
921 2432 1094 2490 illum
1141 2434 1414 2509 quisquis
1460 2454 1540 2492 ex
1583 2433 1828 2492 famulis
1874 2432 2059 2509 regis.

400 2518 499 2575 Ai.
587 2517 850 2575 Venitne
890 2517 1120 2590 iussus,
1164 2538 1323 2577 anne
1364 2520 1537 2578 iussa
1577 2518 1868 2597 negligit?

403 2602 548 2660 Tec.
588 2601 875 2660 Producit
913 2601 1083 2660 illum
1132 2603 1396 2663 famulus
1439 2606 1554 2662 huc
1601 2624 1679 2662 ex
1716 2621 2036 2680 proxumo.

263 2687 365 2741 545
400 2688 497 2745 Ai.
586 2688 739 2764 Age,
785 2688 901 2744 huc
944 2707 1059 2764 age
1100 2689 1300 2747 illum:
1346 2710 1466 2748 non
1511 2690 1671 2747 enim
1715 2687 2131 2746 externabitur

400 2769 637 2848 Stragis
681 2781 957 2830 recentes
1004 2774 1113 2832 hos
1161 2793 1407 2833 acervos
1445 2775 1711 2846 intuenS,

400 2855 467 2916 Si
506 2856 745 2930 quidem
789 2856 893 2914 ille
936 2878 1077 2916 vero
1119 2866 1290 2934 patre
1327 2879 1421 2917 me
1465 2868 1633 2919 satus
1671 2860 1817 2917 fuat.

399 2939 521 3000 Sed
567 2961 702 2999 eum
745 2943 1018 3017 paternis
1067 2943 1361 3004 institutis
1409 2946 1647 3022 asperis

400 3026 695 3084 Domitari
741 3035 1003 3101 oportet:
1051 3036 1230 3103 atque
1277 3049 1478 3088 mores
1527 3029 1759 3104 exequi.

259 3110 365 3166 550
401 3111 454 3170 O
497 3120 699 3189 gnate,
747 3112 993 3170 fortuna
1035 3121 1167 3172 esto
1214 3115 1530 3174 dissimilis
1572 3114 1752 3192 patri,

398 3198 516 3255 Ast
551 3197 674 3254 alia
717 3196 931 3256 similis
979 3199 1212 3257 omnia:
1256 3201 1343 3257 ita
1384 3200 1578 3258 malus
1621 3199 1779 3256 haud
1817 3198 1975 3256 fuas.

398 3279 752 3356 Quanquam
789 3283 1026 3340 unicum
1074 3284 1238 3342 istud
1278 3286 1394 3344 hoc
1443 3287 1668 3344 bonum
1708 3282 1952 3342 invideo
2003 3284 2140 3357 tibi,

398 3364 575 3438 Quod
615 3366 740 3423 ista
771 3368 1039 3426 nondum
1078 3370 1342 3446 percipis
1392 3389 1578 3429 sensu
1615 3370 1792 3427 mala.

394 3449 504 3508 Nil
550 3468 764 3525 sapere
810 3453 1034 3530 quippe
1083 3453 1208 3511 vita
1247 3456 1699 3515 iucundissuma
1745 3461 1870 3512 est:

395 3534 505 3593 Nil
547 3554 762 3610 sapere
805 3555 1079 3611 prorsuS,
1124 3547 1219 3599 est
1259 3541 1480 3599 malum
1521 3559 1737 3599 carens
1776 3536 1960 3607 malo,
