2452 4186
1179 278 1303 339 366

347 447 683 507 Commune
727 447 927 523 magni
975 456 1161 504 matre
1207 467 1341 505 cum
1385 446 1779 522 Sarpedonis,

196 534 327 589 1285
347 531 514 605 Quas
560 529 781 607 pontus
827 531 1066 604 Helles,
1114 552 1262 607 quas
1308 541 1508 608 petrae
1560 530 2022 610 Symplegades,

347 618 515 693 Quas
563 615 1000 693 Salmydissus,
1057 637 1208 692 quas
1255 618 1601 694 inhospitus
1639 618 1830 692 liquor
1893 635 1896 640 Α

345 700 589 778 Scythis
634 703 1013 779 propinquus
1058 703 1293 778 rupium
1344 713 1505 759 arcet
1550 704 1745 772 obice,

347 787 697 861 Tanaisque
740 787 907 845 nullo
952 788 1252 864 gurgitum
1298 787 1572 864 contagio

346 872 611 930 Mediam
650 871 930 947 paludem
974 871 1313 943 dissecans,
1362 883 1588 949 gratam
1629 872 1846 930 incolis

198 963 331 1017 1290
350 956 568 1034 Algum
618 964 677 1013 et
714 957 999 1031 pedarum
1048 957 1375 1031 perniones
1422 957 1725 1028 flentibus,

347 1043 429 1102 Ut
473 1041 664 1116 primo
709 1050 961 1118 pereant
1003 1039 1207 1100 Carnii
1253 1050 1475 1099 nautae
1517 1060 1720 1113 canes,

348 1125 465 1198 Qui
516 1126 716 1185 fronte
760 1128 911 1185 roba
955 1125 1369 1184 tauriformem
1414 1127 1704 1203 virginem

347 1213 624 1287 Rapuere
668 1212 900 1269 Lernes
943 1211 1257 1270 institores
1296 1212 1574 1286 improbi,

352 1296 652 1372 Sponsam
697 1296 903 1354 ruinas
949 1296 1106 1353 ferre
1153 1296 1468 1372 Memphiti
1514 1296 1669 1369 duci,

202 1391 333 1444 1295
354 1381 496 1441 Odii
541 1389 851 1439 moventes
899 1381 1072 1458 signa
1116 1381 1353 1457 utrique
1398 1380 1599 1439 littori.

350 1465 629 1541 Namque
678 1474 738 1524 et
777 1466 1028 1542 rapinae
1073 1466 1498 1524 contumeliam
1543 1486 1783 1543 gravem

350 1551 649 1610 Florentis
701 1551 846 1608 Idae
893 1551 1356 1627 expostulantes
1402 1551 1640 1609 incolae
1727 1627 1730 1631 ,

352 1635 627 1708 Curetes,
679 1636 950 1695 extulere
994 1636 1288 1713 captivam
1335 1638 1542 1693 bovem

352 1722 615 1780 Paronis
660 1721 821 1778 intra
864 1722 1240 1780 taurifrontis
1285 1721 1521 1778 alveum

204 1814 338 1871 1300
355 1807 452 1865 Ad
496 1814 707 1865 sancta
750 1806 977 1883 templa
1018 1807 1334 1883 coniugem
1374 1804 1713 1882 Saraptiam

353 1892 609 1949 Dictaea
654 1889 864 1950 Cretes
911 1890 1190 1951 Stellioni
1230 1891 1544 1968 principi>

357 1975 492 2034 Nec
539 1976 656 2034 visi
697 1976 919 2033 habere
965 1984 1081 2047 sat,
1119 1976 1384 2033 ferentes
1425 1995 1537 2052 par
1577 1976 1726 2050 pari,

353 2061 624 2119 Ductore
672 2059 908 2119 Teucro
956 2061 1065 2120 sed
1104 2079 1385 2136 rapacem
1425 2062 1752 2121 exercitum

354 2146 575 2204 Teucri
613 2144 983 2205 Scamandro
1034 2165 1167 2203 cum
1211 2154 1463 2221 parente
1505 2146 1769 2206 Draucio

203 2238 334 2293 1305
353 2232 576 2290 Misere
622 2232 699 2288 ad
745 2232 907 2289 alma
949 2231 1289 2308 Bebrycum
1333 2231 1600 2303 novalia,

350 2317 591 2376 Bellum
637 2316 902 2376 ferentes
951 2317 1254 2374 muribus:
1304 2336 1554 2392 quorum
1598 2325 1733 2374 satu

355 2402 613 2462 Generis
657 2403 896 2473 creasti,
939 2401 1247 2473 Dardane,
1296 2410 1532 2460 autores
1574 2402 1715 2473 mei,

352 2488 602 2545 Ducens
652 2487 919 2562 puellam
968 2485 1277 2558 Cressam,
1326 2487 1606 2545 Arisbam
1654 2486 1944 2546 nobilem.

355 2571 636 2632 Secundo
683 2572 827 2630 item
869 2572 1089 2630 misere
1131 2572 1369 2630 furaces
1413 2572 1615 2646 lupos,

204 2663 336 2716 1310
354 2657 438 2717 Ut
477 2656 778 2733 uniplotio
822 2656 1014 2714 vellus
1065 2664 1340 2714 avertant
1382 2656 1537 2728 duci,

356 2741 650 2802 Servabat
690 2741 814 2798 acri
852 2742 1015 2816 quod
1060 2742 1242 2800 draco
1289 2741 1596 2800 custodia:

355 2826 473 2899 Qui
515 2846 648 2884 cum
689 2825 941 2903 Cyteam
984 2828 1215 2884 venerit
1254 2827 1652 2903 Libysticam,

352 2914 432 2970 Et
473 2911 894 2987 quadrinarem
939 2912 1186 2987 sopiens
1228 2912 1350 2969 offa
1389 2912 1584 2983 boam,

354 2997 737 3057 Vomentium
779 2997 952 3075 ignes
997 2997 1287 3072 presserit
1326 2996 1586 3054 dentalia

206 3092 338 3145 1315
356 3084 520 3142 Urva
560 3081 864 3153 italorum,
906 3082 1100 3139 elixus
1138 3082 1356 3138 immiti
1396 3101 1564 3158 roge,

354 3167 499 3226 Non
545 3167 794 3226 abstulit
830 3167 1088 3224 libenter
1129 3167 1322 3243 arvigi
1358 3175 1573 3238 cutem,

356 3252 480 3313 Sed
526 3261 586 3310 et
620 3253 925 3310 bidentem
968 3259 1180 3329 sponte
1224 3259 1551 3310 sectantem
1593 3252 1900 3322 auferens,

357 3337 865 3409 Germanicidam,
907 3337 1249 3413 pestitatem
1298 3336 1578 3408 liberum,

354 3424 539 3481 Picae
582 3422 659 3480 ad
702 3422 977 3497 loquacis
1024 3422 1259 3480 alveum
1307 3422 1588 3499 aurigans
1630 3420 1785 3491 tulit,

206 3519 340 3573 1320
358 3509 704 3567 Humanum
745 3508 818 3564 ab
869 3507 1007 3565 altis
1053 3506 1425 3567 Chaoniticis
1472 3525 1688 3565 sonum
