2452 4186
1242 304 1364 363 276

398 473 589 551 ((53)
910 465 1117 542 Χθιζά
1161 492 1267 551 μοι
1305 466 1740 552 Ἑρμώνασσα.

391 558 557 617 Dum
599 557 758 617 forte
799 558 1084 617 hesterno
1125 558 1391 616 titubans
1429 557 1689 634 vestigia
1730 566 1878 635 potu

477 642 782 702 Vestibuli
810 644 1052 720 'primas
1101 643 1287 701 induo
1334 650 1498 702 serta
1536 643 1727 715 fores,

326 737 332 743 “
391 727 816 788 Hermonassa
860 729 1074 806 scyphi
1118 728 1370 805 lympha
1416 747 1513 785 me
1560 728 1815 805 spargit:
1863 735 1927 784 et
1963 727 2106 786 illas

478 813 729 887 Turbat,
774 832 925 888 quas
962 815 1069 873 vix
1104 814 1212 870 lux
1256 820 1560 873 struxerat
1597 832 1741 887 una,
1783 831 2013 871 comas.

395 897 519 960 Sed
543 898 736 975 magis
759 907 931 957 ustus
959 918 1117 974 aqua
1140 898 1335 975 magis
1365 899 1519 957 arsi:
1548 917 1689 955 nam
1713 899 1975 975 scyphus
2002 916 2082 956 ex
2104 899 2227 956 hac

476 983 709 1042 Mellito
751 983 969 1043 tacitas
1012 983 1185 1042 duxit
1229 984 1305 1041 ab
1348 1003 1454 1042 ore
1501 984 1688 1041 faces.
1733 1030 1736 1039 .

395 1152 590 1229 c(54)
893 1148 1141 1231 Φράξεό
1194 1170 1299 1230 μοι
1339 1145 1742 1231 Κλεοφάντις.

391 1237 618 1314 Aspice
631 1258 650 1310 3
705 1236 884 1311 quale
928 1237 1145 1309 decus,
1192 1256 1346 1312 quae
1385 1236 1541 1307 laus,
1588 1233 1983 1311 Cleophanti,
2028 1237 2177 1296 duo-

1706 1340 1837 1378 rum
1883 1327 1999 1393 est,

481 1404 652 1480 Quos
698 1405 927 1481 pariter
964 1406 1179 1483 rapido
1225 1406 1465 1463 turbine
1507 1414 1712 1463 versat
1748 1407 1960 1464 Amor.

394 1492 569 1567 Quae
612 1490 757 1550 belli
804 1491 920 1562 vis,
958 1492 1169 1565 quisve
1210 1499 1429 1563 metus»,
1473 1509 1627 1565 quae
1672 1509 1857 1549 causa
1901 1491 2158 1567 pudoris

478 1575 617 1636 Hos
662 1574 902 1633 dirimat
948 1577 1175 1635 sanctis
1220 1576 1477 1634 nexibus
1522 1575 1887 1650 implicitos?

389 1660 631 1719 Dentur
673 1660 875 1718 vincla
915 1661 1086 1733 mihi,
1130 1680 1283 1736 quae
1326 1661 1584 1718 Lemnia
1619 1660 1875 1719 fabricat
1911 1663 2112 1735 incus,

478 1743 766 1820 Quosque
811 1745 983 1803 vafra
1015 1745 1213 1804 nodos
1256 1745 1551 1803 Mulciber
1588 1754 1716 1803 arte
1761 1746 1934 1804 facit:

390 1829 730 1888 Dummodo
766 1838 823 1887 te
867 1830 1238 1906 amplectens
1279 1829 1535 1906 cupidis,
1581 1849 1720 1889 mea
1758 1831 1922 1905 Vita,
1968 1831 2222 1890 lacertis

479 1915 765 1974 Perfruar
807 1915 870 1973 in
914 1916 1202 1974 membris
1245 1914 1464 1991 gaudia
1504 1914 1693 1992 longa
1731 1916 1871 1974 tuis.

395 2000 569 2058 Tunc
612 2009 754 2057 tunc
791 2000 1041 2075 hospes,
1085 2008 1146 2057 et
1182 2000 1526 2077 indigenae,
1570 2000 1891 2076 fessusque
1933 2000 2160 2074 viator,

479 2087 579 2144 Me
619 2085 888 2157 videant,
935 2092 995 2143 et
1033 2104 1168 2143 cum
1208 2084 1464 2163 coniuge
1505 2086 1834 2146 sacrificus.

399 2254 589 2331 1035)
982 2245 1191 2319 Ἐξότε
1242 2271 1346 2329 μοι
1381 2249 1629 2312 πίνοντι.

393 2339 491 2397 Ex
540 2357 659 2414 quo
704 2337 850 2397 olim
894 2346 1119 2414 potans
1165 2356 1399 2396 mecum
1446 2346 1697 2414 potante
1737 2337 2019 2398 Chariclo

478 2423 750 2501 Ingessit
783 2424 987 2481 furtim
1035 2424 1286 2501 propria
1330 2426 1493 2482 ser‘ta
1537 2417 1706 2498 mihi,

395 2508 619 2567 Totum
664 2509 822 2585 ignis
865 2528 963 2567 me
1001 2516 1191 2566 exest.
1239 2509 1311 2566 In
1354 2528 1446 2581 ea,
1490 2518 1653 2585 puto,
1698 2528 1960 2585 namque
1985 2528 2221 2570 corona

475 2594 571 2666 Id,
613 2612 732 2668 quo
780 2594 931 2652 arsit
974 2591 1204 2652 Glauce
1246 2602 1388 2651 nata
1432 2592 1737 2666 Creontis,
1786 2604 1931 2652 erat.

398 2762 591 2838 c(56)
942 2756 1021 2821 ‘O
1069 2757 1305 2839 θρασὺς
1349 2758 1653 2843 ὑψαύχην.

395 2846 646 2907 Cervice
696 2846 872 2918 elata,
920 2853 1232 2906 contracta
1272 2846 1488 2918 fronte,
1536 2866 1805 2922 severus,

476 2931 657 2990 Nunc
703 2939 798 2989 est
836 2931 1095 3009 virginei
1135 2931 1369 2988 ludicra
1412 2949 1555 2988 cura
1595 2933 1733 2991 ioci.

391 3018 552 3075 Ante
597 3024 761 3075 ratus
807 3024 1073 3074 teneram
1111 3015 1375 3086 tumidus
1417 3015 1678 3075 laesisse
1721 3015 2008 3092 puellam,

479 3101 658 3161 Colla
698 3101 890 3159 dedit=
934 3119 1094 3159 nunc
1136 3119 1248 3177 spe
1288 3100 1510 3159 decidit
1551 3102 1690 3178 ipse
1734 3120 1864 3160 sua.

393 3186 456 3244 Is
502 3187 686 3245 modo
726 3186 1022 3245 femineas
1068 3186 1327 3261 supplex
1364 3186 1505 3244 iacit
1546 3206 1651 3245 ore
1693 3185 2005 3261 querelas:

476 3272 595 3329 Illa
635 3290 832 3330 mares
879 3273 1111 3330 animos
1153 3270 1379 3328 lumine
1423 3278 1596 3330 torva
1633 3272 1804 3350 gerit.

392 3355 579 3434 Virgo
624 3357 826 3429 ferox,
868 3356 1141 3433 quamvis
1186 3356 1314 3412 irae
1367 3364 1460 3415 est
1502 3357 1841 3417 iustissima
1890 3373 2136 3427 caussa,

477 3441 669 3502 Parce
707 3442 951 3501 animis:
994 3440 1283 3500 Nemesis
1326 3440 1450 3499 tela
1492 3443 1830 3518 propinqua
1872 3440 2038 3498 time.
