2452 4186
1200 303 1324 362 38ss

349 474 625 535 Cinctum
668 471 887 544 ederis,
928 472 1368 544 taurifrontem,
1412 471 1792 530 Mamertium
1836 491 2187 533 amoenum.

347 558 586 631 Baiule,
625 557 801 615 trime
846 564 1043 633 pater:
1088 555 1545 629 vestifrondem,
1591 557 2030 634 uvigerentem.

352 643 699 713 Consentis,
745 640 980 701 Consul
1020 641 1212 713 Iovis,
1263 648 1323 698 et
1360 640 1764 718 Proserpinae
1806 662 2053 719 opacae,

349 729 567 788 Editus
612 746 834 785 arcano
880 727 1029 784 nixu
1068 725 1398 803 purissime
1440 725 1597 785 Die:

350 815 571 873 Annue
616 811 954 889 suppliciis,
995 819 1054 869 et
1096 810 1321 870 blando
1366 811 1612 869 numine
1655 812 1906 887 sponde,

351 899 567 958 Mitem
605 897 870 955 animum
917 896 1176 971 spirans,
1226 896 1511 954 cinctutis
1554 897 1876 971 proximus
1916 897 2100 957 assis.

352 1069 437 1128 30
650 1061 653 1062 ⁷
973 1064 1216 1123 Carmen
1266 1065 1578 1124 Saliorum.

350 1154 844 1224 Amburvatores,
892 1149 1148 1227 vestigia
1192 1150 1389 1208 ahena
1429 1158 1800 1227 prementes,

355 1237 584 1298 collini
630 1235 804 1307 Salii,
848 1234 1234 1306 Salisubsuli,
1297 1242 1358 1293 et
1402 1236 1724 1308 fatuanteS,

352 1322 704 1395 Pulsifides,
752 1329 813 1377 et
842 1320 1113 1397 talipedi,
1160 1319 1299 1377 leue
1335 1320 1769 1396 persultanteS,

351 1407 676 1485 Armigeri,
716 1405 1072 1482 vigilesque,
1117 1405 1512 1482 magistrique
1562 1404 1955 1475 ominifausti,

352 1488 550 1553 Matri'
594 1491 906 1567 Iugatinae
954 1491 1218 1548 latrones
1265 1497 1443 1564 atque
1490 1488 1754 1561 Camilli,

352 1577 614 1655 Augusti
659 1576 736 1633 ad
774 1576 1074 1634 sermonis
1112 1575 1322 1633 adeste
1366 1575 1694 1632 faventiam
1732 1573 2008 1646 amicam,

353 1665 435 1722 Et
473 1680 711 1739 semper
751 1660 989 1736 placata
1029 1660 1323 1719 occurrite
1371 1667 1571 1717 mente
1617 1658 1901 1718 bubulco.

356 1833 432 1890 31
846 1829 1089 1888 Carmen
1139 1831 1445 1888 Minervae
1494 1827 1732 1904 Captae.

354 1915 725 1993 Magnanimi
768 1915 935 1973 lovis
981 1915 1245 1991 unigena
1287 1914 1493 1988 stirps,
1537 1913 1658 1971 Dia
1694 1911 1988 1983 Minerva,

353 1999 477 2059 Dia
516 2001 711 2071 beata,
756 1999 957 2071 ferox,
999 1998 1345 2073 bellicrepa,
1389 1997 1679 2071 Neriene,
1713 2056 1720 2062 ,
1775 2023 1778 2024 ’

355 2085 537 2144 Dicta
580 2082 824 2155 indicta,
870 2083 1077 2143 itidem
1125 2083 1535 2156 celeberrima,
1579 2090 1640 2142 et
1682 2082 2097 2142 autricolona:

358 2168 808 2230 Concelebrans
857 2177 1063 2243 ruptas
1113 2187 1403 2245 scruposa
1439 2169 1664 2246 palatia
1698 2175 1925 2240 caute8‚

355 2254 748 2328 Deliciasque
789 2262 945 2325 tuaS,
993 2252 1276 2312 viridaria
1317 2255 1612 2312 montium
1653 2271 1861 2330 opaca,

356 2341 774 2415 Armipotens,
821 2340 996 2396 furiis
1037 2340 1231 2416 figens
1279 2339 1560 2398 mortalia
1606 2339 1809 2397 cordat

359 2426 572 2484 Torvo
611 2425 948 2482 animorum
990 2425 1279 2483 exercitio
1324 2424 1583 2483 Bellona
1625 2424 1854 2501 virago.

357 2509 747 2585 Atriparens,
781 2509 1051 2567 tedarum
1096 2528 1337 2585 experS,
1382 2508 1908 2586 Gorgonitrucida.

358 2595 458 2653 Tu
497 2593 680 2652 Furia
714 2594 1049 2667 infandum,
1096 2595 1397 2671 sapientia
1438 2593 1574 2652 sola
1615 2595 1937 2665 bonorum,

359 2681 495 2738 Mas
545 2685 605 2735 et
644 2678 868 2736 femina
910 2678 1315 2754 Belliparens,
1360 2679 1676 2738 indostrua
1716 2686 1867 2751 tota,

359 2765 715 2836 Vortumna,
759 2772 943 2840 atque
983 2773 1229 2822 excetra
1266 2765 1468 2837 ferox,
1514 2764 1792 2836 fanatica,
1836 2765 2122 2838 honesta,

358 2849 566 2909 Ultrix
611 2848 835 2921 Titani,
873 2848 1292 2927 Phlegrensis,
1337 2850 1585 2925 equiria,
1624 2848 1804 2927 volgi.

361 2932 571 3009 Capta,
614 2934 803 2992 malae
847 2952 1046 2991 noxae
1079 2937 1447 3008 Averrunca,
1489 2934 1760 2994 Feretria
1804 2933 1990 3012 virgo.

358 3018 490 3077 Iam
535 3017 695 3090 lucu,
740 3026 944 3091 noctu,
986 3037 1267 3094 supremo
1309 3020 1373 3077 in
1411 3027 1680 3095 tempore
1717 3038 1957 3094 quoque

359 3105 581 3161 Annue
621 3102 915 3174 adoranti,
964 3111 1025 3161 et
1064 3123 1277 3179 pacem
1323 3104 1540 3181 largire
1583 3105 1840 3175 beatam,

363 3186 762 3263 Temporibus
805 3189 1043 3262 faustis,
1082 3190 1478 3264 satiatemque
1517 3197 1696 3264 atque
1735 3189 2016 3263 salutem,

368 3269 608 3344 Caesia,
659 3281 719 3330 et
757 3273 1113 3349 artiparens,
1156 3273 1409 3332 multum
1453 3275 1642 3333 votita
1684 3272 1955 3334 Camilla.

363 3440 443 3500 32
718 3443 910 3500 Divae
959 3444 1247 3503 Victoriae
1288 3446 1566 3520 suffimen,
1605 3462 1839 3502 manna.

364 3526 637 3588 Obsecro
677 3532 737 3583 te
782 3527 1049 3588 Victoria
1083 3548 1225 3608 pos,
1270 3529 1618 3608 gratissima
1655 3548 1875 3601 rerum,
