<?xml version="1.0" encoding="UTF-8"?>
<!DOCTYPE html PUBLIC "-//W3C//DTD XHTML 1.0 Transitional//EN"
    "http://www.w3.org/TR/xhtml1/DTD/xhtml1-transitional.dtd">
<html xmlns="http://www.w3.org/1999/xhtml" xml:lang="en" lang="en">
 <head>
  <title>
</title>
<meta http-equiv="Content-Type" content="text/html;charset=utf-8" />
  <meta name='ocr-system' content='tesseract 3.04.00' />
  <meta name='ocr-capabilities' content='ocr_page ocr_carea ocr_par ocr_line ocrx_word'/>
</head>
<body>
  <div class='ocr_page' id='page_1' title='image "./iosephiscaliger02scalgoog/iosephiscaliger02scalgoog_0415.png"; bbox 0 0 2452 4186; ppageno 0'>
   <div class='ocr_carea' id='block_1_1' title="bbox 1117 307 1241 371">
    <p class='ocr_par' dir='ltr' id='par_1_1' title="bbox 1117 307 1241 371">
     <span class='ocr_line' id='line_1_1' title="bbox 1117 307 1241 371; baseline 0.016 -2"><span class='ocrx_word' id='word_1_1' title='bbox 1117 307 1241 371; x_wconf 73' lang='lat'>405</span> 
     </span>
    </p>
   </div>
   <div class='ocr_carea' id='block_1_2' title="bbox 1026 395 1326 404">
    <p class='ocr_par' dir='ltr' id='par_1_2' title="bbox 1026 395 1326 404">
     <span class='ocr_line' id='line_1_2' title="bbox 1026 395 1326 404; baseline 0 3782"><span class='ocrx_word' id='word_1_2' title='bbox 1026 395 1326 404; x_wconf 95' lang='lat' dir='ltr'> </span> 
     </span>
    </p>
   </div>
   <div class='ocr_carea' id='block_1_3' title="bbox 266 478 1893 557">
    <p class='ocr_par' dir='ltr' id='par_1_3' title="bbox 266 478 1893 557">
     <span class='ocr_line' id='line_1_3' title="bbox 266 478 1893 557; baseline -0.002 -14"><span class='ocrx_word' id='word_1_3' title='bbox 266 481 495 543; x_wconf 88' lang='lat' dir='ltr'>Omnia</span> <span class='ocrx_word' id='word_1_4' title='bbox 534 478 688 538; x_wconf 87' lang='lat' dir='ltr'>suda</span> <span class='ocrx_word' id='word_1_5' title='bbox 726 479 955 551; x_wconf 89' lang='lat' dir='ltr'>ferens,</span> <span class='ocrx_word' id='word_1_6' title='bbox 1000 487 1243 557; x_wconf 79' lang='lat' dir='ltr'><strong>tergens</strong></span> <span class='ocrx_word' id='word_1_7' title='bbox 1289 481 1446 538; x_wconf 85' lang='lat' dir='ltr'>freta</span> <span class='ocrx_word' id='word_1_8' title='bbox 1485 481 1680 540; x_wconf 82' lang='lat' dir='ltr'>vitrea</span> <span class='ocrx_word' id='word_1_9' title='bbox 1720 480 1893 550; x_wconf 84' lang='lat' dir='ltr'>coeli.</span> 
     </span>
    </p>
   </div>
   <div class='ocr_carea' id='block_1_4' title="bbox 264 640 2090 1235">
    <p class='ocr_par' dir='ltr' id='par_1_4' title="bbox 264 640 2090 1235">
     <span class='ocr_line' id='line_1_4' title="bbox 810 640 2090 723; baseline 0.004 -18"><span class='ocrx_word' id='word_1_10' title='bbox 810 640 1062 706; x_wconf 76' lang='lat' dir='ltr'>Favonii</span> <span class='ocrx_word' id='word_1_11' title='bbox 1095 650 1379 723; x_wconf 78' lang='lat' dir='ltr'>suffimen,</span> <span class='ocrx_word' id='word_1_12' title='bbox 1425 659 1534 707; x_wconf 77' lang='lat' dir='ltr'>tus.</span> <span class='ocrx_word' id='word_1_13' title='bbox 2006 649 2090 710; x_wconf 89' lang='grc'>80</span> 
     </span>
     <span class='ocr_line' id='line_1_5' title="bbox 265 733 1876 811; baseline -0.001 -17"><span class='ocrx_word' id='word_1_14' title='bbox 265 734 618 811; x_wconf 86' lang='lat' dir='ltr'>Caelivaga,</span> <span class='ocrx_word' id='word_1_15' title='bbox 664 733 968 810; x_wconf 87' lang='lat' dir='ltr'>undigena</span> <span class='ocrx_word' id='word_1_16' title='bbox 1010 733 1278 806; x_wconf 87' lang='lat' dir='ltr'>flabella,</span> <span class='ocrx_word' id='word_1_17' title='bbox 1319 734 1627 793; x_wconf 84' lang='lat' dir='ltr'>Favoniae</span> <span class='ocrx_word' id='word_1_18' title='bbox 1673 752 1876 807; x_wconf 86' lang='lat' dir='ltr'>aurae,</span> 
     </span>
     <span class='ocr_line' id='line_1_6' title="bbox 267 819 1833 892; baseline -0.002 -12"><span class='ocrx_word' id='word_1_19' title='bbox 267 821 322 881; x_wconf 88' lang='lat' dir='ltr'>O</span> <span class='ocrx_word' id='word_1_20' title='bbox 369 820 712 878; x_wconf 87' lang='lat' dir='ltr'>levisomne</span> <span class='ocrx_word' id='word_1_21' title='bbox 754 819 993 876; x_wconf 86' lang='lat' dir='ltr'>animae</span> <span class='ocrx_word' id='word_1_22' title='bbox 1035 819 1314 877; x_wconf 91' lang='lat' dir='ltr'>solamen</span> <span class='ocrx_word' id='word_1_23' title='bbox 1356 819 1501 878; x_wconf 89' lang='lat' dir='ltr'>mite</span> <span class='ocrx_word' id='word_1_24' title='bbox 1538 819 1833 892; x_wconf 87' lang='lat' dir='ltr'>laborum,</span> 
     </span>
     <span class='ocr_line' id='line_1_7' title="bbox 264 903 1902 982; baseline -0.001 -18"><span class='ocrx_word' id='word_1_25' title='bbox 264 905 525 975; x_wconf 81' lang='lat' dir='ltr'>Vernae,</span> <span class='ocrx_word' id='word_1_26' title='bbox 569 903 936 982; x_wconf 80' lang='lat' dir='ltr'>gramineae,</span> <span class='ocrx_word' id='word_1_27' title='bbox 977 911 1260 979; x_wconf 88' lang='lat' dir='ltr'>portuum</span> <span class='ocrx_word' id='word_1_28' title='bbox 1299 904 1696 981; x_wconf 88' lang='lat' dir='ltr'>cupidissima</span> <span class='ocrx_word' id='word_1_29' title='bbox 1738 923 1902 978; x_wconf 88' lang='lat' dir='ltr'>cura,</span> 
     </span>
     <span class='ocr_line' id='line_1_8' title="bbox 266 985 1896 1061; baseline -0.001 -13"><span class='ocrx_word' id='word_1_30' title='bbox 266 985 529 1049; x_wconf 86' lang='lat' dir='ltr'>Navibu&#39;</span> <span class='ocrx_word' id='word_1_31' title='bbox 575 995 915 1047; x_wconf 81' lang='lat' dir='ltr'>sternentes</span> <span class='ocrx_word' id='word_1_32' title='bbox 955 989 1135 1047; x_wconf 87' lang='lat' dir='ltr'>itiner</span> <span class='ocrx_word' id='word_1_33' title='bbox 1177 988 1357 1046; x_wconf 90' lang='lat' dir='ltr'>molle</span> <span class='ocrx_word' id='word_1_34' title='bbox 1398 1008 1540 1047; x_wconf 86' lang='lat' dir='ltr'>aera</span> <span class='ocrx_word' id='word_1_35' title='bbox 1579 989 1896 1061; x_wconf 79' lang='lat' dir='ltr'>blandum3</span> 
     </span>
     <span class='ocr_line' id='line_1_9' title="bbox 269 1073 1899 1150; baseline -0.001 -14"><span class='ocrx_word' id='word_1_36' title='bbox 269 1076 546 1136; x_wconf 82' lang='lat' dir='ltr'>Obsecro</span> <span class='ocrx_word' id='word_1_37' title='bbox 593 1092 705 1132; x_wconf 84' lang='lat' dir='ltr'>vos</span> <span class='ocrx_word' id='word_1_38' title='bbox 749 1073 986 1149; x_wconf 87' lang='lat' dir='ltr'>placido</span> <span class='ocrx_word' id='word_1_39' title='bbox 1026 1074 1331 1150; x_wconf 82' lang='lat' dir='ltr'>spirantes</span> <span class='ocrx_word' id='word_1_40' title='bbox 1380 1075 1622 1132; x_wconf 86' lang='lat' dir='ltr'>flamine</span> <span class='ocrx_word' id='word_1_41' title='bbox 1667 1075 1899 1148; x_wconf 84' lang='lat' dir='ltr'>adeste,</span> 
     </span>
     <span class='ocr_line' id='line_1_10' title="bbox 266 1158 1649 1235; baseline -0.001 -16"><span class='ocrx_word' id='word_1_42' title='bbox 266 1160 507 1235; x_wconf 82' lang='lat' dir='ltr'>Aerias,</span> <span class='ocrx_word' id='word_1_43' title='bbox 549 1158 803 1231; x_wconf 84' lang='lat' dir='ltr'>invisae,</span> <span class='ocrx_word' id='word_1_44' title='bbox 846 1159 1226 1234; x_wconf 88' lang='lat' dir='ltr'>levipennes,</span> <span class='ocrx_word' id='word_1_45' title='bbox 1273 1159 1649 1219; x_wconf 88' lang='lat' dir='ltr'>aeriformes.</span> 
     </span>
    </p>
   </div>
   <div class='ocr_carea' id='block_1_5' title="bbox 206 1328 2086 2003">
    <p class='ocr_par' dir='ltr' id='par_1_5' title="bbox 206 1328 2086 2003">
     <span class='ocr_line' id='line_1_11' title="bbox 836 1328 2086 1403; baseline 0 -18"><span class='ocrx_word' id='word_1_46' title='bbox 836 1329 1044 1387; x_wconf 80' lang='lat' dir='ltr'>Austri</span> <span class='ocrx_word' id='word_1_47' title='bbox 1083 1331 1361 1403; x_wconf 79' lang='lat' dir='ltr'>suffimen,</span> <span class='ocrx_word' id='word_1_48' title='bbox 1409 1339 1517 1387; x_wconf 83' lang='lat' dir='ltr'>tas.</span> <span class='ocrx_word' id='word_1_49' title='bbox 1761 1365 1764 1368; x_wconf 96' lang='lat'>-</span> <span class='ocrx_word' id='word_1_50' title='bbox 2007 1328 2086 1386; x_wconf 85' lang='lat'>81</span> 
     </span>
     <span class='ocr_line' id='line_1_12' title="bbox 265 1409 1706 1489; baseline 0 -17"><span class='ocrx_word' id='word_1_51' title='bbox 265 1413 637 1489; x_wconf 84' lang='lat' dir='ltr'>Praecipites</span> <span class='ocrx_word' id='word_1_52' title='bbox 683 1432 888 1485; x_wconf 88' lang='lat' dir='ltr'>aurae,</span> <span class='ocrx_word' id='word_1_53' title='bbox 931 1421 1244 1472; x_wconf 87' lang='lat' dir='ltr'>tranantes</span> <span class='ocrx_word' id='word_1_54' title='bbox 1289 1409 1433 1471; x_wconf 88' lang='lat' dir='ltr'>aeri’</span> <span class='ocrx_word' id='word_1_55' title='bbox 1478 1412 1706 1486; x_wconf 87' lang='lat' dir='ltr'>caulas,</span> 
     </span>
     <span class='ocr_line' id='line_1_13' title="bbox 265 1498 1980 1576; baseline -0.002 -17"><span class='ocrx_word' id='word_1_56' title='bbox 265 1500 548 1575; x_wconf 88' lang='lat' dir='ltr'>Undique</span> <span class='ocrx_word' id='word_1_57' title='bbox 591 1498 991 1574; x_wconf 87' lang='lat' dir='ltr'>pennipcdes,</span> <span class='ocrx_word' id='word_1_58' title='bbox 1032 1499 1332 1576; x_wconf 78' lang='lat' dir='ltr'>vortigine</span> <span class='ocrx_word' id='word_1_59' title='bbox 1373 1506 1658 1575; x_wconf 89' lang='lat' dir='ltr'>praepete</span> <span class='ocrx_word' id='word_1_60' title='bbox 1701 1504 1980 1571; x_wconf 86' lang='lat' dir='ltr'>ovantes,</span> 
     </span>
     <span class='ocr_line' id='line_1_14' title="bbox 268 1579 1980 1661; baseline -0.001 -17"><span class='ocrx_word' id='word_1_61' title='bbox 268 1584 480 1644; x_wconf 88' lang='lat' dir='ltr'>Cedite</span> <span class='ocrx_word' id='word_1_62' title='bbox 528 1583 872 1641; x_wconf 89' lang='lat' dir='ltr'>nimborum</span> <span class='ocrx_word' id='word_1_63' title='bbox 913 1591 1133 1641; x_wconf 87' lang='lat' dir='ltr'>matres</span> <span class='ocrx_word' id='word_1_64' title='bbox 1180 1603 1314 1641; x_wconf 90' lang='lat' dir='ltr'>cum</span> <span class='ocrx_word' id='word_1_65' title='bbox 1357 1579 1687 1661; x_wconf 89' lang='lat' dir='ltr'>ingentibu&#39;</span> <span class='ocrx_word' id='word_1_66' title='bbox 1737 1583 1980 1643; x_wconf 89' lang='lat' dir='ltr'>nimbis.</span> 
     </span>
     <span class='ocr_line' id='line_1_15' title="bbox 206 1667 1790 1743; baseline -0.001 -15"><span class='ocrx_word' id='word_1_67' title='bbox 206 1670 217 1683; x_wconf 72' lang='lat'>⁸</span> <span class='ocrx_word' id='word_1_68' title='bbox 266 1670 431 1728; x_wconf 87' lang='lat' dir='ltr'>Nam</span> <span class='ocrx_word' id='word_1_69' title='bbox 467 1667 628 1727; x_wconf 86' lang='lat' dir='ltr'>Iovis</span> <span class='ocrx_word' id='word_1_70' title='bbox 675 1668 786 1726; x_wconf 92' lang='lat' dir='ltr'>has</span> <span class='ocrx_word' id='word_1_71' title='bbox 837 1669 1013 1727; x_wconf 84' lang='lat' dir='ltr'>vobis</span> <span class='ocrx_word' id='word_1_72' title='bbox 1051 1667 1245 1726; x_wconf 84' lang='lat' dir='ltr'>finivit</span> <span class='ocrx_word' id='word_1_73' title='bbox 1282 1669 1346 1726; x_wconf 92' lang='lat' dir='ltr'>in</span> <span class='ocrx_word' id='word_1_74' title='bbox 1384 1688 1523 1726; x_wconf 89' lang='lat' dir='ltr'>aere</span> <span class='ocrx_word' id='word_1_75' title='bbox 1564 1675 1790 1743; x_wconf 88' lang='lat' dir='ltr'>partes,</span> 
     </span>
     <span class='ocr_line' id='line_1_16' title="bbox 272 1753 1874 1830; baseline -0.002 -16"><span class='ocrx_word' id='word_1_76' title='bbox 272 1754 540 1814; x_wconf 88' lang='lat' dir='ltr'>Caelitus</span> <span class='ocrx_word' id='word_1_77' title='bbox 577 1754 940 1830; x_wconf 86' lang='lat' dir='ltr'>imbriparas</span> <span class='ocrx_word' id='word_1_78' title='bbox 987 1755 1179 1812; x_wconf 90' lang='lat' dir='ltr'>nubes</span> <span class='ocrx_word' id='word_1_79' title='bbox 1224 1754 1567 1828; x_wconf 86' lang='lat' dir='ltr'>permittere</span> <span class='ocrx_word' id='word_1_80' title='bbox 1612 1754 1691 1811; x_wconf 89' lang='lat' dir='ltr'>ad</span> <span class='ocrx_word' id='word_1_81' title='bbox 1731 1753 1874 1811; x_wconf 89' lang='lat' dir='ltr'>ima.</span> 
     </span>
     <span class='ocr_line' id='line_1_17' title="bbox 273 1837 1987 1913; baseline 0 -16"><span class='ocrx_word' id='word_1_82' title='bbox 273 1840 399 1897; x_wconf 89' lang='lat' dir='ltr'>Vos</span> <span class='ocrx_word' id='word_1_83' title='bbox 447 1857 650 1913; x_wconf 79' lang='lat' dir='ltr'>precor</span> <span class='ocrx_word' id='word_1_84' title='bbox 692 1839 912 1898; x_wconf 89' lang='lat' dir='ltr'>inferio</span> <span class='ocrx_word' id='word_1_85' title='bbox 956 1839 1073 1897; x_wconf 90' lang='lat' dir='ltr'>hoc</span> <span class='ocrx_word' id='word_1_86' title='bbox 1119 1846 1390 1897; x_wconf 90' lang='lat' dir='ltr'>mactans</span> <span class='ocrx_word' id='word_1_87' title='bbox 1435 1839 1726 1897; x_wconf 88' lang='lat' dir='ltr'>libamine</span> <span class='ocrx_word' id='word_1_88' title='bbox 1766 1837 1987 1912; x_wconf 86' lang='lat' dir='ltr'>Divae,</span> 
     </span>
     <span class='ocr_line' id='line_1_18' title="bbox 273 1923 1772 2003; baseline 0.001 -22"><span class='ocrx_word' id='word_1_89' title='bbox 273 1924 503 1981; x_wconf 86' lang='lat' dir='ltr'>Terrae</span> <span class='ocrx_word' id='word_1_90' title='bbox 546 1925 721 1982; x_wconf 89' lang='lat' dir='ltr'>matri</span> <span class='ocrx_word' id='word_1_91' title='bbox 770 1925 1215 2003; x_wconf 89' lang='lat' dir='ltr'>frugiparentes</span> <span class='ocrx_word' id='word_1_92' title='bbox 1263 1923 1481 1981; x_wconf 89' lang='lat' dir='ltr'>elicere</span> <span class='ocrx_word' id='word_1_93' title='bbox 1524 1924 1772 1982; x_wconf 87' lang='lat' dir='ltr'>imbres.</span> 
     </span>
    </p>
   </div>
   <div class='ocr_carea' id='block_1_6' title="bbox 268 2093 2099 2850">
    <p class='ocr_par' dir='ltr' id='par_1_6' title="bbox 268 2093 2099 2850">
     <span class='ocr_line' id='line_1_19' title="bbox 748 2093 2094 2170; baseline 0.001 -19"><span class='ocrx_word' id='word_1_94' title='bbox 748 2093 963 2151; x_wconf 79' lang='lat' dir='ltr'>Oceani</span> <span class='ocrx_word' id='word_1_95' title='bbox 1004 2096 1288 2170; x_wconf 81' lang='lat' dir='ltr'>suffimen,</span> <span class='ocrx_word' id='word_1_96' title='bbox 1331 2105 1614 2152; x_wconf 78' lang='lat' dir='ltr'>aromata.</span> <span class='ocrx_word' id='word_1_97' title='bbox 2013 2093 2094 2153; x_wconf 83' lang='lat'>82</span> 
     </span>
     <span class='ocr_line' id='line_1_20' title="bbox 272 2179 1819 2256; baseline 0 -19"><span class='ocrx_word' id='word_1_98' title='bbox 272 2180 363 2237; x_wconf 87' lang='lat' dir='ltr'>Te</span> <span class='ocrx_word' id='word_1_99' title='bbox 399 2199 659 2237; x_wconf 89' lang='lat' dir='ltr'>veneror</span> <span class='ocrx_word' id='word_1_100' title='bbox 701 2185 875 2253; x_wconf 87' lang='lat' dir='ltr'>pater</span> <span class='ocrx_word' id='word_1_101' title='bbox 910 2179 1177 2250; x_wconf 87' lang='lat' dir='ltr'>Oceane,</span> <span class='ocrx_word' id='word_1_102' title='bbox 1223 2179 1577 2238; x_wconf 87' lang='lat' dir='ltr'>immortalis</span> <span class='ocrx_word' id='word_1_103' title='bbox 1623 2179 1819 2256; x_wconf 90' lang='lat' dir='ltr'>orig0,</span> 
     </span>
     <span class='ocr_line' id='line_1_21' title="bbox 268 2262 2096 2336; baseline -0.002 -13"><span class='ocrx_word' id='word_1_104' title='bbox 268 2262 664 2336; x_wconf 86' lang='lat' dir='ltr'>Naturaeque</span> <span class='ocrx_word' id='word_1_105' title='bbox 686 2262 890 2320; x_wconf 73' lang='lat' dir='ltr'>Deum</span> <span class='ocrx_word' id='word_1_106' title='bbox 932 2271 1235 2336; x_wconf 83' lang='lat' dir='ltr'>aeternae,</span> <span class='ocrx_word' id='word_1_107' title='bbox 1279 2272 1340 2320; x_wconf 92' lang='lat' dir='ltr'>et</span> <span class='ocrx_word' id='word_1_108' title='bbox 1380 2263 1723 2322; x_wconf 87' lang='lat' dir='ltr'>mortalium</span> <span class='ocrx_word' id='word_1_109' title='bbox 1747 2263 2096 2334; x_wconf 86' lang='lat' dir='ltr'>homonum,</span> 
     </span>
     <span class='ocr_line' id='line_1_22' title="bbox 268 2347 1767 2423; baseline -0.003 -16"><span class='ocrx_word' id='word_1_110' title='bbox 268 2349 389 2423; x_wconf 80' lang='lat' dir='ltr'>Qui</span> <span class='ocrx_word' id='word_1_111' title='bbox 434 2348 777 2406; x_wconf 88' lang='lat' dir='ltr'>circunfluis</span> <span class='ocrx_word' id='word_1_112' title='bbox 824 2347 1095 2406; x_wconf 85' lang='lat' dir='ltr'>anfracta</span> <span class='ocrx_word' id='word_1_113' title='bbox 1137 2348 1507 2407; x_wconf 85' lang='lat' dir='ltr'>ambarvalia</span> <span class='ocrx_word' id='word_1_114' title='bbox 1546 2356 1767 2421; x_wconf 87' lang='lat' dir='ltr'>terrae,</span> 
     </span>
     <span class='ocr_line' id='line_1_23' title="bbox 268 2431 2099 2510; baseline -0.003 -16"><span class='ocrx_word' id='word_1_115' title='bbox 268 2434 448 2494; x_wconf 89' lang='lat' dir='ltr'>Unde</span> <span class='ocrx_word' id='word_1_116' title='bbox 495 2451 687 2510; x_wconf 86' lang='lat' dir='ltr'>genus</span> <span class='ocrx_word' id='word_1_117' title='bbox 728 2433 1070 2505; x_wconf 87' lang='lat' dir='ltr'>fluviorum,</span> <span class='ocrx_word' id='word_1_118' title='bbox 1112 2434 1273 2491; x_wconf 88' lang='lat' dir='ltr'>unde</span> <span class='ocrx_word' id='word_1_119' title='bbox 1314 2441 1373 2491; x_wconf 90' lang='lat' dir='ltr'>et</span> <span class='ocrx_word' id='word_1_120' title='bbox 1418 2431 1856 2492; x_wconf 89' lang='lat' dir='ltr'>salimarmoris</span> <span class='ocrx_word' id='word_1_121' title='bbox 1902 2431 2099 2489; x_wconf 87' lang='lat' dir='ltr'>undae</span> 
     </span>
     <span class='ocr_line' id='line_1_24' title="bbox 269 2517 1988 2596; baseline -0.001 -17"><span class='ocrx_word' id='word_1_122' title='bbox 269 2522 470 2594; x_wconf 89' lang='lat' dir='ltr'>Atque</span> <span class='ocrx_word' id='word_1_123' title='bbox 519 2517 642 2575; x_wconf 88' lang='lat' dir='ltr'>alid</span> <span class='ocrx_word' id='word_1_124' title='bbox 682 2518 744 2575; x_wconf 89' lang='lat' dir='ltr'>in</span> <span class='ocrx_word' id='word_1_125' title='bbox 786 2526 961 2575; x_wconf 85' lang='lat' dir='ltr'>terra·</span> <span class='ocrx_word' id='word_1_126' title='bbox 987 2520 1399 2576; x_wconf 87' lang='lat' dir='ltr'>scatebrarum</span> <span class='ocrx_word' id='word_1_127' title='bbox 1441 2517 1710 2595; x_wconf 83' lang='lat' dir='ltr'>ignobile</span> <span class='ocrx_word' id='word_1_128' title='bbox 1748 2517 1988 2596; x_wconf 75' lang='lat' dir='ltr'>volgu8‚</span> 
     </span>
     <span class='ocr_line' id='line_1_25' title="bbox 270 2600 1856 2681; baseline -0.001 -20"><span class='ocrx_word' id='word_1_129' title='bbox 270 2604 365 2662; x_wconf 89' lang='lat' dir='ltr'>Te</span> <span class='ocrx_word' id='word_1_130' title='bbox 401 2604 704 2663; x_wconf 86' lang='lat' dir='ltr'>Februum</span> <span class='ocrx_word' id='word_1_131' title='bbox 749 2603 1003 2663; x_wconf 85' lang='lat' dir='ltr'>lustrale</span> <span class='ocrx_word' id='word_1_132' title='bbox 1040 2600 1856 2681; x_wconf 75' lang='lat' dir='ltr'>vocamus-caeligenamm,</span> 
     </span>
     <span class='ocr_line' id='line_1_26' title="bbox 268 2688 1823 2766; baseline -0.002 -18"><span class='ocrx_word' id='word_1_133' title='bbox 268 2689 442 2748; x_wconf 89' lang='lat' dir='ltr'>Finis</span> <span class='ocrx_word' id='word_1_134' title='bbox 491 2688 747 2762; x_wconf 88' lang='lat' dir='ltr'>telluris,</span> <span class='ocrx_word' id='word_1_135' title='bbox 788 2708 997 2766; x_wconf 89' lang='lat' dir='ltr'>margo</span> <span class='ocrx_word' id='word_1_136' title='bbox 1043 2689 1280 2764; x_wconf 89' lang='lat' dir='ltr'>amplae</span> <span class='ocrx_word' id='word_1_137' title='bbox 1317 2688 1552 2746; x_wconf 86' lang='lat' dir='ltr'>fornici&#39;</span> <span class='ocrx_word' id='word_1_138' title='bbox 1595 2688 1823 2761; x_wconf 90' lang='lat' dir='ltr'>mundi,</span> 
     </span>
     <span class='ocr_line' id='line_1_27' title="bbox 270 2774 1899 2850; baseline -0.001 -18"><span class='ocrx_word' id='word_1_139' title='bbox 270 2774 413 2832; x_wconf 87' lang='lat' dir='ltr'>Huc</span> <span class='ocrx_word' id='word_1_140' title='bbox 456 2774 728 2849; x_wconf 87' lang='lat' dir='ltr'>placidus</span> <span class='ocrx_word' id='word_1_141' title='bbox 772 2775 983 2835; x_wconf 83' lang='lat' dir='ltr'>venias</span> <span class='ocrx_word' id='word_1_142' title='bbox 1030 2793 1239 2832; x_wconf 86' lang='lat' dir='ltr'>sacrae</span> <span class='ocrx_word' id='word_1_143' title='bbox 1279 2774 1625 2850; x_wconf 87' lang='lat' dir='ltr'>gratissime</span> <span class='ocrx_word' id='word_1_144' title='bbox 1668 2774 1899 2832; x_wconf 87' lang='lat' dir='ltr'>turbae.</span> 
     </span>
    </p>
   </div>
   <div class='ocr_carea' id='block_1_7' title="bbox 270 2940 2101 3616">
    <p class='ocr_par' dir='ltr' id='par_1_7' title="bbox 270 2940 2101 3616">
     <span class='ocr_line' id='line_1_28' title="bbox 762 2940 2100 3018; baseline -0.003 -16"><span class='ocrx_word' id='word_1_145' title='bbox 762 2945 969 3003; x_wconf 78' lang='lat' dir='ltr'>Vestae</span> <span class='ocrx_word' id='word_1_146' title='bbox 1007 2945 1289 3018; x_wconf 79' lang='lat' dir='ltr'>suffimen,</span> <span class='ocrx_word' id='word_1_147' title='bbox 1331 2953 1613 3003; x_wconf 83' lang='lat' dir='ltr'>aromata.</span> <span class='ocrx_word' id='word_1_148' title='bbox 2020 2940 2100 2999; x_wconf 86' lang='lat'>83</span> 
     </span>
     <span class='ocr_line' id='line_1_29' title="bbox 270 3028 1800 3104; baseline -0.001 -17"><span class='ocrx_word' id='word_1_149' title='bbox 270 3028 512 3087; x_wconf 88' lang='lat' dir='ltr'>Incluta</span> <span class='ocrx_word' id='word_1_150' title='bbox 549 3028 758 3102; x_wconf 88' lang='lat' dir='ltr'>Vesta,</span> <span class='ocrx_word' id='word_1_151' title='bbox 804 3031 972 3088; x_wconf 91' lang='lat' dir='ltr'>senis</span> <span class='ocrx_word' id='word_1_152' title='bbox 1019 3028 1268 3089; x_wconf 88' lang='lat' dir='ltr'>Saturni</span> <span class='ocrx_word' id='word_1_153' title='bbox 1308 3036 1474 3087; x_wconf 85' lang='lat' dir='ltr'>casta</span> <span class='ocrx_word' id='word_1_154' title='bbox 1512 3045 1800 3104; x_wconf 83' lang='lat' dir='ltr'>propage,</span> 
     </span>
     <span class='ocr_line' id='line_1_30' title="bbox 273 3112 2013 3190; baseline -0.003 -18"><span class='ocrx_word' id='word_1_155' title='bbox 273 3113 449 3187; x_wconf 80' lang='lat' dir='ltr'>Quae</span> <span class='ocrx_word' id='word_1_156' title='bbox 491 3113 670 3172; x_wconf 89' lang='lat' dir='ltr'>nimis</span> <span class='ocrx_word' id='word_1_157' title='bbox 714 3114 1056 3190; x_wconf 88' lang='lat' dir='ltr'>irrequietis</span> <span class='ocrx_word' id='word_1_158' title='bbox 1103 3114 1292 3171; x_wconf 89' lang='lat' dir='ltr'>habes</span> <span class='ocrx_word' id='word_1_159' title='bbox 1336 3112 1672 3171; x_wconf 84' lang='lat' dir='ltr'>meditullia</span> <span class='ocrx_word' id='word_1_160' title='bbox 1713 3112 2013 3182; x_wconf 87' lang='lat' dir='ltr'>flammae,</span> 
     </span>
     <span class='ocr_line' id='line_1_31' title="bbox 273 3197 1880 3276; baseline -0.001 -19"><span class='ocrx_word' id='word_1_161' title='bbox 273 3199 489 3257; x_wconf 87' lang='lat' dir='ltr'>Hosce</span> <span class='ocrx_word' id='word_1_162' title='bbox 531 3198 639 3257; x_wconf 89' lang='lat' dir='ltr'>tibi</span> <span class='ocrx_word' id='word_1_163' title='bbox 677 3218 860 3276; x_wconf 90' lang='lat' dir='ltr'>puros</span> <span class='ocrx_word' id='word_1_164' title='bbox 905 3207 1177 3275; x_wconf 86' lang='lat' dir='ltr'>praestes</span> <span class='ocrx_word' id='word_1_165' title='bbox 1222 3198 1301 3255; x_wconf 88' lang='lat' dir='ltr'>ad</span> <span class='ocrx_word' id='word_1_166' title='bbox 1345 3216 1517 3257; x_wconf 86' lang='lat' dir='ltr'>sacra</span> <span class='ocrx_word' id='word_1_167' title='bbox 1548 3197 1880 3268; x_wconf 87' lang='lat' dir='ltr'>ministros,</span> 
     </span>
     <span class='ocr_line' id='line_1_32' title="bbox 273 3283 1835 3358; baseline -0.003 -16"><span class='ocrx_word' id='word_1_168' title='bbox 273 3283 622 3357; x_wconf 85' lang='lat' dir='ltr'>Florentes,</span> <span class='ocrx_word' id='word_1_169' title='bbox 663 3286 841 3357; x_wconf 90' lang='lat' dir='ltr'>dites,</span> <span class='ocrx_word' id='word_1_170' title='bbox 885 3292 1230 3358; x_wconf 87' lang='lat' dir='ltr'>castosque,</span> <span class='ocrx_word' id='word_1_171' title='bbox 1274 3291 1335 3341; x_wconf 84' lang='lat' dir='ltr'>et</span> <span class='ocrx_word' id='word_1_172' title='bbox 1377 3290 1626 3358; x_wconf 84' lang='lat' dir='ltr'>pectore</span> <span class='ocrx_word' id='word_1_173' title='bbox 1662 3301 1835 3357; x_wconf 90' lang='lat' dir='ltr'>puro.</span> 
     </span>
     <span class='ocr_line' id='line_1_33' title="bbox 275 3365 2101 3441; baseline -0.002 -15"><span class='ocrx_word' id='word_1_174' title='bbox 275 3368 417 3426; x_wconf 88' lang='lat' dir='ltr'>Huc</span> <span class='ocrx_word' id='word_1_175' title='bbox 459 3369 605 3429; x_wconf 91' lang='lat' dir='ltr'>ades</span> <span class='ocrx_word' id='word_1_176' title='bbox 645 3370 929 3428; x_wconf 71' lang='lat' dir='ltr'>oDivfim</span> <span class='ocrx_word' id='word_1_177' title='bbox 968 3378 1253 3428; x_wconf 86' lang='lat' dir='ltr'>constans</span> <span class='ocrx_word' id='word_1_178' title='bbox 1276 3367 1632 3427; x_wconf 81' lang='lat' dir='ltr'>fulmentum</span> <span class='ocrx_word' id='word_1_179' title='bbox 1651 3365 2101 3441; x_wconf 89' lang='lat' dir='ltr'>hominumque.</span> 
     </span>
     <span class='ocr_line' id='line_1_34' title="bbox 276 3449 2063 3529; baseline -0.003 -17"><span class='ocrx_word' id='word_1_180' title='bbox 276 3453 697 3529; x_wconf 91' lang='lat' dir='ltr'>Multipotens,</span> <span class='ocrx_word' id='word_1_181' title='bbox 744 3463 1010 3527; x_wconf 88' lang='lat' dir='ltr'>aeterna,</span> <span class='ocrx_word' id='word_1_182' title='bbox 1052 3462 1112 3511; x_wconf 88' lang='lat' dir='ltr'>et</span> <span class='ocrx_word' id='word_1_183' title='bbox 1159 3453 1461 3526; x_wconf 89' lang='lat' dir='ltr'>amabilis,</span> <span class='ocrx_word' id='word_1_184' title='bbox 1502 3461 1680 3527; x_wconf 87' lang='lat' dir='ltr'>atque</span> <span class='ocrx_word' id='word_1_185' title='bbox 1719 3449 2063 3527; x_wconf 84' lang='lat' dir='ltr'>opiformis,</span> 
     </span>
     <span class='ocr_line' id='line_1_35' title="bbox 276 3536 1870 3616; baseline -0.002 -20"><span class='ocrx_word' id='word_1_186' title='bbox 276 3539 513 3597; x_wconf 86' lang='lat' dir='ltr'>Ridens</span> <span class='ocrx_word' id='word_1_187' title='bbox 556 3549 734 3615; x_wconf 90' lang='lat' dir='ltr'>atque</span> <span class='ocrx_word' id='word_1_188' title='bbox 775 3542 972 3613; x_wconf 87' lang='lat' dir='ltr'>beata,</span> <span class='ocrx_word' id='word_1_189' title='bbox 1017 3539 1154 3598; x_wconf 85' lang='lat' dir='ltr'>fave</span> <span class='ocrx_word' id='word_1_190' title='bbox 1197 3538 1618 3616; x_wconf 88' lang='lat' dir='ltr'>placidissima</span> <span class='ocrx_word' id='word_1_191' title='bbox 1659 3536 1870 3607; x_wconf 86' lang='lat' dir='ltr'>sacris,</span> 
     </span>
    </p>
   </div>
  </div>
 </body>
</html>
