2452 4186
1126 295 1245 356 157

269 459 588 546 Χείρωνος
629 459 832 528 ἕλκος.
875 456 1173 531 Κίνδυνος
1208 463 1346 546 πρώ
1390 480 1463 527 ας
1501 458 1683 526 σελίς.

269 544 630 611 Χελιδόνων
681 544 1247 628 μουσεῖα.γθύουσ’
1292 545 1308 565 ‘
1373 544 1526 607 στία.

268 629 494 695 Χιαστὶ
541 630 785 693 τίλλειν.
835 625 956 692 Τὸν
999 631 1140 714 περὶ
1186 635 1391 715 ψυχῆς
1431 627 1691 712 τρέχειν.

270 712 480 800 Χορὸν
527 714 770 797 δίδωμι.
816 710 999 861 Μέὲα
1041 716 1096 777 τὶ
1135 715 1361 783 ἐσθλὸς
1411 711 1688 799 ἄγγελος.

268 798 591 885 Ψάφωνος
636 797 850 882 ὄρνεις.
885 796 912 822 ”
963 821 1128 882 γγιον
1175 800 1413 882 κνήμης
1456 796 1625 878 γόνυ.

268 881 675 967 Ψευδόπυρα.
717 880 980 967 Μύρμηξ
1019 884 1058 966 ἡ
1098 884 1398 967 κάμηλος.
1440 879 1610 945 Ἶσον
1654 878 1791 964 ἴσῳ.

268 965 534 1052 Ψύραθε
577 966 685 1031 τὰν
728 965 1011 1050 Σπάρταν
1060 967 1248 1050 ἄγειν.
1292 965 1576 1051 Κέγχρον
1622 967 1871 1049 τρυπᾷς.

267 1049 480 1116 Ὤθεῖν
532 1052 855 1136 δικράνοις.
892 1051 1069 1116 Ἀλλ’
1121 1053 1266 1116 ἰδὼν
1316 1049 1676 1133 ἐπειθόμην.

263 1133 375 1206 Ὡς
421 1137 553 1199 ἀντὶ
593 1137 846 1242 χορδῆς.
884 1132 1365 1222 Ἐσκιμαλίχθαι
1408 1157 1475 1199 σε
1521 1135 1634 1196 δεῖ.

265 1219 379 1291 Ὣς
428 1221 490 1284 ἐν
541 1243 882 1306 κατοπτρῳ.
929 1219 1744 1306 Μέχρι-τῶνάμφωτίδων.

919 1306 1039 1368 ἀπὸ
1080 1328 1113 1367 τ
1153 1310 1446 1390 οχαϊκῶν.
2044 1353 2050 1358 -

267 1384 353 1454 ‘A
397 1389 471 1451 δὲ
509 1392 648 1473 χεῖρ
691 1387 796 1451 τὰν
836 1392 1021 1473 χεῖρα
1067 1411 1096 1451 ν
1127 1394 1236 1461 ζει.
1284 1389 1389 1458 δός
1433 1412 1509 1465 τι,
1554 1386 1660 1449 καί
1700 1409 1754 1448 τι
1799 1384 2100 1468 λάμβανε.

268 1474 499 1545 Αἰετὸν
545 1469 798 1536 τίκτοντ’
843 1473 965 1556 ἐγώ
1011 1497 1080 1536 σε
1122 1474 1433 1558 κάνθαρος
1477 1470 1871 1555 μαιεύσομαι.

266 1557 477 1624 Ἀλλά
517 1556 586 1640 γ’
631 1561 715 1625 ὥς
752 1558 923 1641 ἥρως
965 1558 1028 1621 ἐν
1080 1558 1289 1622 ἀσπίδι
1332 1559 1558 1628 ξενίσαι
1604 1577 1673 1617 σε
1713 1554 2036 1641 βούλομαι.

266 1641 678 1727 Ἀμφιδέξιος
716 1640 832 1726 γὰρ
874 1642 1026 1726 ἀνὴρ
1071 1644 1216 1727 εἰμὶ,
1255 1641 1320 1706 κ’
1369 1643 1489 1729 οὐχ
1532 1640 1884 1724 ἁμαρτάνω.

266 1725 490 1810 Ἀνδρὶ
530 1726 719 1811 Λυδῷ
753 1727 1059 1810 πράγματ’
1108 1727 1221 1791 οὐκ
1267 1727 1363 1812 ἦν.
1416 1731 1447 1792 ὁ
1497 1727 1553 1788 δ’
1592 1727 1788 1788 ἀπιὼν
1828 1722 2100 1806 ἐπρίατο.

266 1808 527 1878 “Απαλὰ
566 1810 1132 1894 θερμολουσίαισιν,
1157 1813 1338 1897 ’ἁβρὰ
1386 1807 1877 1895 μαλθακευνίαις.

268 1894 632 1977 Ἀπονέμου
680 1918 786 1977 μοι
816 1899 924 1978 τῆς
953 1896 1209 1981 ἁμάξης.
1254 1900 1375 1960 τῶν
1402 1897 1460 1959 δ’
1489 1895 1646 1959 ὄνων
1673 1892 1747 1956 οὔ
1779 1914 1885 1976 μοι
1907 1889 2102 1973 μέλει.

270 1980 709 2066 Ἀρτιώτατος,
755 1980 962 2064 ὥσπερ
1011 1981 1074 2042 ἐν
1115 1985 1243 2050 τοῖς
1277 1982 1618 2065 ὀργάνοισιν
1666 1978 1704 2060 ἡ
1756 1978 1973 2060 μαγάς.

271 2064 607 2151 Ἀσιραλὴς
646 2064 760 2147 γάρ
807 2063 929 2128 ἐστ’
981 2066 1272 2150 ἀμείνων,
1318 2067 1358 2150 ἢ
1400 2065 1590 2152 ταχύς
1635 2062 2067 2146 στρατηλάτης.

265 2148 644 2233 Ἀξιώτερον
693 2149 1002 2233 ταρίχους.
1049 2148 1219 2221 Βοῦς
1245 2151 1404 2228 ποτ’
1451 2152 1512 2214 ἐν
1558 2149 1786 2236 βοτάνῃ
1839 2146 2004 2230 μένε.

250 2235 606 2314 Βάσκανος
649 2234 751 2295 καὶ
798 2234 1101 2319 δυσμενὴς
1136 2236 1466 2321 ὀφθαλμός
1511 2236 1637 2298 ἐστι
1681 2232 1993 2315 γειτόνων.

272 2319 426 2387 Βίος
476 2316 579 2381 ὅδ’
630 2317 893 2403 ἰχθύων·
933 2321 966 2382 ὁ
1018 2320 1206 2402 μείων
1253 2321 1378 2383 ἐστι
1421 2322 1699 2404 μείζονος
1738 2317 1959 2401 τροφή.

273 2401 588 2489 Βορβόρῳ
630 2403 828 2485 πηγὴν
870 2403 1402 2486 μιαίνων·οὔποθ’
1447 2404 1729 2488 εὑρήσεις
1773 2400 1981 2463 ποτόν.

274 2488 322 2553 Γ
329 2491 589 2572 αυριῶν,
634 2489 718 2553 ὥς
761 2486 818 2549 εἰ
851 2488 1110 2552 καθεῖλε
1152 2490 1259 2572 τὴν
1305 2488 1368 2551 ἐν
1404 2487 1622 2572 ’Ἄργει
1663 2485 1912 2549 ἀσπίδα.

274 2574 396 2637 Διὰ
443 2568 642 2655 μέσου
689 2572 791 2633 καὶ
838 2573 1014 2676 λιμὸς
1061 2573 1246 2656 ἐκρεῖ,
1300 2574 1403 2636 καὶ
1449 2571 1691 2656 μάλιστ’
1740 2568 2106 2633 ἀπόλλυται.

278 2659 484 2721 Δοῦλε
530 2656 844 2717 δεσποτῶν
891 2680 1082 2721 ακουε
1125 2659 1229 2721 καὶ
1274 2658 1478 2719 δίκαια
1522 2654 1760 2741 κᾷδικα.

277 2738 431 2806 Εἴθε
481 2740 760 2825 φαύλως,
804 2741 1012 2826 ὥσπερ
1060 2741 1255 2827 εὗρες,
1299 2742 1568 2827 ἐκβάλῃς
1606 2741 1714 2824 τὴν
1760 2737 2020 2820 ἔνθεσιν.

274 2823 379 2895 Ἐς
417 2827 602 2892 κυνὸς
638 2826 834 2909 πυγὴν
887 2828 1196 2910 όρεῖισθαι,Δ
1223 2829 1327 2890 καὶ
1368 2832 1550 2935 τριῶν
1593 2824 1956 2889 ἀλωπέκων.

268 2908 442 2975 Ἔστι
480 2913 602 2972 τῶν
649 2909 712 2970 ἐν
746 2914 834 2994 τῷ
874 2913 1141 2996 μετώπῳ
1183 2918 1326 2976 νοῦν
1374 2934 1539 2996 εχειν
1587 2909 1948 2974 εἰωθότων..

266 2992 580 3080 Ἐσχατος
619 2989 1052 3076 Κροτωνιατᾶν
1097 3001 1325 3080 πρᾶτος
1378 2996 1572 3065 ἄλλας
1610 2992 1936 3061 Ἑλλάδος.

279 3078 552 3146 Εὐτελὲς
588 3077 702 3161 γὰρ
751 3079 993 3141 δεῖπνον
1043 3080 1222 3142 οὐδὲν
1268 3080 1518 3162 ἐμποιεῖ
1555 3080 1894 3163 παροινίαν.

263 3163 354 3274 :H
396 3167 615 3246 λεοντῆ
674 3163 756 3246 μὴ
795 3163 1089 3248 ’φίκηταμ
1148 3164 1219 3227 σὺ
1270 3165 1340 3227 δὲ
1384 3163 1732 3248 πρόσραπτ’
1757 3163 2108 3245 ἀλωπεκῆν.
2239 3198 2256 3209 ³

297 3249 356 3313 H
396 3250 647 3333 φρονεῖν
688 3245 974 3324 ἔλασσον,
1013 3249 1053 3332 ἢ
1098 3253 1305 3332 μεῖζον
1357 3248 1659 3313 δύνασθαι
1708 3246 1769 3310 σ’
1816 3245 2062 3331 ἔπρεπε.

271 3331 388 3397 Ἢν
430 3333 503 3396 δὲ
547 3330 706 3416 κάμὲ
754 3334 1144 3418 ζωπυρήσῃς,
1182 3334 1291 3416 τὴν
1333 3333 1362 3395 ἐ
1412 3334 1486 3416 ὴν
1531 3331 1597 3395 ὖν
1640 3333 1926 3416 λύσομαι.

271 3415 388 3481 Ἢν
436 3416 632 3519 τύχης
676 3417 960 3493 δικάζων,
1003 3422 1169 3502 κρῖνε
1209 3419 1317 3501 τὴν
1364 3359 1656 3501 ᾗριηνίην
1706 3418 1895 3500 δίκην.

290 3501 523 3565 Θᾶττον
573 3523 643 3563 αν
686 3523 771 3569 τις
816 3502 877 3564 ἐν
921 3503 1121 3588 πλοίῳ
1159 3504 1367 3566 πεσὼν
1401 3501 1672 3587 ’ἁμάρτοι
1721 3507 1829 3565 τοῦ
1883 3501 2091 3571 ξύλου.
