2452 4186
1218 289 1344 350 370

380 462 667 523 Natantis
714 461 839 519 alni
881 459 1209 532 caudicem,
1254 468 1321 518 ut
1367 460 1782 546 crepusculum

381 548 599 606 Puella
644 566 865 618 serum,
907 544 1115 603 mobili
1166 545 1300 603 visu
1341 545 1579 623 legens,

383 634 634 694 Aheneo
673 632 924 689 latronis
973 648 1120 688 ense
1166 629 1394 687 territa.

231 714 366 771 1435
385 718 560 777 Multi
600 717 869 790 labores,
909 715 1100 773 multa
1136 714 1283 772 belli
1324 716 1541 772 funera

379 804 575 864 Erunt
613 803 892 873 virorum,
935 819 1094 858 nunc
1137 799 1341 877 gravis
1388 799 1718 858 certamina

389 890 488 949 Ob
534 895 775 964 sceptra
817 885 991 963 regni
1032 885 1270 943 fortiter
1312 881 1689 956 certantium,

380 972 564 1032 Nunc
603 972 866 1030 exaratis
907 971 971 1027 in
1017 971 1201 1027 boum
1238 969 1593 1028 novalibus:

383 1059 547 1116 Dum
590 1058 807 1116 crudus
850 1057 1034 1113 heros
1081 1055 1283 1129 sopiat
1326 1055 1552 1113 bellum
1601 1072 1785 1131 grave

231 1143 369 1196 1440
385 1144 482 1202 Ab
526 1144 728 1201 Aeaco
772 1149 949 1215 atque
993 1139 1281 1198 Dardano
1324 1139 1550 1198 ducens
1595 1156 1809 1216 genus,

387 1228 771 1303 Thesprotus
800 1233 1115 1299 utrumque
1163 1232 1223 1281 et
1249 1223 1679 1286 ‚Chaladraeus
1723 1224 1859 1281 leo:

387 1314 646 1373 Omnem
693 1320 754 1369 et
803 1310 1091 1386 supinans
1137 1310 1342 1367 fratris
1387 1328 1659 1368 eversam
1700 1310 1968 1381 domum,

384 1397 844 1458 Formidolosos
876 1403 1054 1472 coget
1097 1395 1359 1471 Argivos
1400 1395 1582 1452 duces

385 1484 548 1542 Ditis
598 1481 935 1541 Chaladrae
983 1499 1232 1538 saevum
1273 1479 1509 1537 adulari
1545 1479 1774 1554 lupum,

233 1569 367 1623 1445
384 1569 465 1627 Et
507 1575 750 1644 sceptra
787 1566 972 1644 prisci
1006 1565 1383 1642 principatus
1428 1564 1685 1621 tradere.

386 1651 502 1713 cui
548 1660 723 1710 sexta
758 1653 878 1708 iam
918 1658 1059 1727 post
1101 1649 1306 1707 saecla
1347 1657 1641 1726 cognatus
1680 1666 1850 1706 meus

294 1749 297 1752 “
383 1740 604 1796 Manus
642 1738 879 1795 feroces
919 1754 1242 1794 conserens
1291 1734 1695 1809 quinquertio,

385 1822 731 1896 Terraeque
775 1840 1086 1897 aquaeque
1128 1839 1250 1877 non
1290 1838 1577 1877 recusans
1626 1818 1923 1895 sagmina,

382 1908 550 1965 Inter
590 1907 838 1965 sodales
884 1914 1008 1963 tum
1057 1905 1217 1962 cluet
1258 1905 1637 1977 veterrimus,

232 1993 368 2047 1450
384 1992 600 2049 Partas
645 1991 844 2048 duello
891 1990 1138 2066 primitu
1185 1989 1437 2047 exuvias
1477 1991 1702 2047 ferens.

386 2074 544 2148 Quid
580 2075 803 2133 misera
844 2074 1089 2152 longum
1132 2081 1366 2149 tempus
1412 2074 1476 2131 in
1523 2073 1736 2133 surdas
1781 2080 2014 2150 petrae,

388 2160 617 2222 Surdas
660 2159 982 2237 procellas,
1023 2159 1226 2217 irritas
1271 2168 1477 2217 cautes
1522 2160 1763 2234 loquor,

387 2245 592 2307 Sonos
635 2247 850 2304 inanes
892 2245 1017 2303 oris
1060 2244 1367 2302 incassum
1407 2244 1619 2303 ciens?

387 2331 682 2390 Nostram
727 2330 1043 2407 obrogavit
1082 2328 1331 2407 Nuptus
1381 2331 1701 2404 antiquans
1745 2328 1948 2399 fidem,

234 2421 367 2476 1455
387 2417 652 2476 Rumore
697 2435 856 2474 vano
896 2416 1298 2474 veriverbium
1337 2415 1605 2486 illinens,

386 2503 769 2576 Mentemque
816 2508 1016 2559 certae
1058 2500 1336 2558 dictionis
1382 2516 1691 2577 augurem,

385 2587 619 2645 Passus
657 2586 961 2661 repulsam
997 2604 1251 2659 quorum
1298 2586 1539 2642 amabat
1583 2583 1846 2659 assequi.

386 2672 611 2728 Veram
651 2689 789 2729 esse
835 2671 1037 2742 faciet,
1085 2678 1145 2727 et
1185 2670 1346 2728 malo
1393 2670 1641 2728 edoctus
1689 2688 1796 2728 suo

389 2755 565 2828 Quis,
612 2755 774 2829 quod
813 2755 1057 2813 iuvandi
1100 2756 1361 2831 patriam
1405 2755 1574 2812 nulla
1619 2765 1713 2813 est
1750 2754 1870 2824 via,

234 2844 370 2900 1460
389 2838 775 2900 Carmentam
818 2841 1055 2898 abunde
1096 2841 1477 2898 hirundinem
1515 2839 1864 2898 laudaverit.

386 2925 649 2983 Tantum
690 2924 890 2982 locuta
931 2932 1044 2997 est,
1093 2932 1153 2981 et
1197 2926 1510 3002 reciproco
1557 2926 1711 3001 pede

385 3011 579 3070 Recta
622 3011 871 3087 petebat
913 3028 1139 3082 carcer,
1187 3018 1366 3085 atque
1412 3010 1476 3067 in
1516 3018 1762 3086 pectore

387 3093 621 3154 Sirenis
667 3096 973 3172 expiravit
1013 3094 1261 3153 ultimos
1309 3095 1527 3153 modos

388 3178 552 3238 Clari
601 3180 1135 3255 sacerdos,„atque
1176 3179 1385 3239 Nesus
1431 3180 1598 3238 filiae

234 3270 370 3325 1465
386 3267 596 3342 Augur
623 3265 918 3337 satelles,
956 3265 1133 3340 quale
1176 3265 1451 3323 Picatum
1492 3266 1721 3342 loquax

387 3351 742 3422 Monstrum,
790 3350 1057 3409 involuta
1096 3351 1283 3408 verba
1319 3351 1461 3408 lime
1499 3350 1781 3409 tinniens.

387 3436 517 3513 Ego
556 3434 946 3510 implicatum.
972 3435 1354 3496 nuntiaturus
1400 3437 1507 3496 tibi

388 3519 546 3579 Veni
586 3519 881 3578 furentem
920 3520 1172 3598 virginis
1216 3521 1445 3593 Fatuae
1486 3540 1718 3594 sonum,
