2452 4186
1225 317 1345 376 406

373 484 603 552 Fausta
643 487 798 544 hona
841 484 1173 562 inspirans,
1215 495 1277 545 et
1319 506 1607 546 amaenae
1649 488 2097 550 donasalutis.

372 654 457 714 84
757 653 960 713 Somni
999 657 1281 731 suffimen,
1330 676 1455 715 cum
1488 677 1806 733 papavere.

375 737 604 799 Somne
616 746 811 815 pate-r,
825 739 1050 799 Divum
1064 742 1454 819 omnigenum
1468 743 1682 801 unicus
1697 752 1876 819 atque
1889 746 2196 804 hominum

370 824 451 882 Et
490 842 876 899 quaecunque
916 825 1088 883 fovet
1129 827 1312 885 tellus
1352 827 1678 886 animantia
1722 830 1927 890 secla:
2041 832 2194 906 [rex‚

373 909 674 969 Omnibus
718 928 874 969 unus
920 911 1080 968 enim
1121 931 1339 989 regnas
1382 920 1559 987 atque
1598 914 1877 975 omnibus
1918 917 2147 990 adstas,
2207 933 2216 946 ⁸

377 993 774 1072 Corporaque
814 995 1139 1055 insidiator
1178 998 1399 1055 inermi
1442 998 1734 1074 compede
1773 1000 2001 1060 vincis:

373 1078 666 1139 Curarum
713 1079 989 1154 domitor,
1033 1083 1273 1158 requies
1314 1083 1687 1159 praeblanda
1729 1084 2024 1160 laborum,

370 1167 685 1224 Maerores
733 1185 941 1226 omnes
983 1186 1166 1245 aegro
1212 1168 1288 1225 de
1318 1177 1566 1242 pectore
1609 1176 1875 1250 tergens.

374 1250 495 1327 Qui
538 1251 752 1310 mortis
794 1271 967 1311 curas
1007 1252 1200 1330 abigis
1241 1254 1594 1327 animasque
1630 1272 1939 1314 reservas:

368 1335 530 1395 Nam
576 1356 716 1396 vere
759 1337 972 1396 mortis
1014 1357 1336 1415 germanus
1384 1358 1449 1397 es
1495 1347 1672 1413 atque
1715 1341 1967 1398 veterni.

372 1419 496 1481 Sed
538 1422 650 1480 sub
702 1429 761 1479 te
807 1423 984 1498 placo
1021 1423 1151 1481 miti
1192 1424 1518 1482 adventare
1560 1424 1794 1497 favore,

372 1504 729 1567 Sel-vantem
772 1507 994 1583 placidi
1037 1528 1147 1567 nos
1192 1528 1429 1568 sacrum
1471 1511 1649 1567 ritum
1699 1511 2015 1570 obeuntes.

368 1679 451 1738 85
860 1678 1082 1738 Samnii
1117 1680 1395 1754 suffimen,
1422 1690 1704 1737 aromata.

370 1764 650 1824 Obsecro
697 1772 778 1836 te,
820 1766 1127 1842 princeps,
1173 1765 1429 1823 celerem
1473 1765 1821 1841 pernicibus
1863 1766 2004 1840 alis,

366 1848 647 1910 Nuncius
686 1850 920 1923 incerti,
962 1870 1150 1908 verax
1183 1848 1541 1909 Carmentus
1579 1850 1926 1923 homonum,

370 1932 534 1993 Nam
584 1954 804 2011 repens
842 1936 1059 1994 tacitus
1099 1954 1208 2011 per
1251 1936 1446 1994 amica
1483 1935 1729 1994 silentia
1778 1937 2004 2009 somni,

368 2020 821 2096 Insinuansque
859 2021 1076 2079 animis
1118 2021 1428 2078 hominum
1476 2021 1561 2079 cis
1607 2021 1817 2078 intima
1861 2023 2111 2096 mentiS,

366 2105 448 2163 Et
490 2106 641 2164 scita
676 2105 755 2161 ad
798 2124 1051 2165 somnos
1083 2104 1253 2184 legas
1300 2106 1542 2166 decreta
1581 2107 1844 2180 deorum,

369 2188 735 2267 Significans
778 2191 995 2250 tacitus
1041 2191 1241 2250 tacitis
1288 2188 1590 2251 animabu'
1635 2193 1856 2264 futura,

369 2273 523 2334 Cum
569 2275 705 2351 quis
746 2275 860 2333 rite
905 2277 1043 2334 colit
1087 2277 1263 2335 divos
1301 2278 1366 2335 in
1408 2286 1659 2355 pectore
1701 2298 1875 2355 puro.

369 2359 628 2438 Semper
668 2369 734 2418 ut
778 2361 1114 2439 anticipans
1175 2381 1348 2438 spem
1398 2362 1680 2422 blandam
1721 2371 1924 2421 mente
1972 2363 2193 2439 sagaci,

368 2444 569 2504 Vitam
613 2446 924 2505 hominum
970 2447 1278 2505 illecebris
1304 2449 1627 2523 prolectes‚
1655 2448 1875 2524 gaudia
1900 2448 2193 2519 hiantum,

367 2530 569 2604 thue
613 2531 890 2591 homines
934 2532 1198 2590 animum
1241 2534 1622 2608 requiescant
1666 2528 1927 2590 tristibu'
1978 2533 2158 2606 curis,

370 2612 823 2691 Suppliciisque
864 2617 1012 2676 deos
1059 2637 1137 2676 ex
1182 2636 1353 2676 sacro
1387 2637 1636 2676 munere
1677 2618 1939 2694 placent.

366 2698 648 2775 Namque
689 2702 809 2777 piis
857 2721 1101 2778 semper
1143 2711 1265 2761 stat
1301 2703 1535 2762 dulcior
1575 2703 1736 2761 exita
1775 2703 1940 2775 finis,

370 2782 633 2843 Tantum
672 2787 889 2845 celavit
934 2788 1243 2846 venientia
1283 2789 1407 2846 fata
1450 2789 1724 2848 nefastos

370 2867 739 2949 Somnigena
785 2873 1045 2948 specieS,
1087 2874 1427 2933 certissima
1469 2874 1682 2932 nuntia
1720 2874 1943 2931 damni.

367 2952 468 3013 Ne
509 2974 630 3030 qua
668 2957 829 3016 foret
870 2976 1068 3016 noxae
1114 2960 1413 3018 venientis
1462 2959 1705 3037 cognita
1744 2959 1905 3017 finis.

369 3036 572 3099 Clinia
608 3042 717 3100 sed
760 3051 817 3100 te
857 3051 1065 3102 sancte
1109 3063 1343 3120 precor,
1388 3052 1812 3121 praemonstra
1853 3043 2127 3101 Deorum

368 3122 684 3200 Notifices‚
731 3146 1086 3204 semperque
1128 3129 1440 3188 offendens
1485 3138 1727 3205 pectora
1765 3148 1936 3205 pura,

369 3208 697 3288 Nunquam
741 3213 1041 3290 prodigiis
1085 3214 1394 3274 acclarans
1436 3215 1639 3273 omina
1674 3215 1901 3290 iniqua.

368 3381 452 3439 86
870 3385 1084 3442 Mortis
1124 3386 1403 3459 suffimen,
1452 3404 1683 3443 manna.

369 3464 509 3523 Huc
551 3466 741 3538 adsis,
783 3486 937 3542 quae
980 3468 1294 3527 hominum
1335 3469 1561 3528 moliris
1604 3477 1820 3527 cuncta
1861 3469 2152 3546 guberna,

371 3551 634 3613 Tantum
675 3552 1018 3628 producens
1067 3555 1199 3612 aevi
1243 3562 1526 3629 quantum
1571 3553 1806 3612 eminus
1853 3553 2062 3614 distas.
