2452 4186
1185 300 1305 361 15ss

327 466 758 550 Σπανιώτερος
801 465 1108 534 Φοίνικος.
1143 462 1255 528 Ἐκ
1294 463 1595 547 στόματος
1635 463 1845 527 λύκου.

327 550 610 634 Σπάρτης
655 549 1168 635 ἐλευθερώτερος.
1208 548 1493 613 Γλαύκου
1538 547 1745 633 τέχνη.

324 634 576 719 Σπείρει
620 634 893 718 κύμινον.
943 632 1070 744 Σχ”
1129 658 1190 711 α,
1234 634 1339 698 καὶ
1380 633 1743 718 τριώβολον.

328 718 658 784 Σπεύδοντ’
705 719 993 803 ὀτρύνεις.
1036 658 1304 803 Ἠγαλῆ
1351 715 1723 802 Ταρτησσία.

325 802 692 890 Συβαριτικὴ
738 805 1032 887 τράπεζα.
1077 801 1383 888 Περδίκου
1435 800 1670 870 σκέλος.

325 886 695 973 Σύμβουλος
736 888 898 972 ἱερὸν
938 892 1172 972 χρῆμα.
1217 885 1470 969 Μάρτυς
1513 884 1778 949 οἴκοθεν.

326 970 679 1058 Συρακοσία
718 973 1008 1056 τράπεζα.
1062 971 1289 1041 Δοῖδυξ
1342 970 1609 1041 αὐξάνει.

328 1053 424 1120 Τὰ
463 1055 628 1120 καλὰ
662 1058 931 1140 χαλεπά.
980 1053 1104 1139 Τῆς
1135 1055 1522 1140 Ἀμαλθείας
1559 1054 1763 1139 κέρας.

329 1137 454 1203 Τᾶν
499 1145 824 1233 πορφυρᾶν
872 1139 1217 1225 λιχνότερα.
1265 1137 1653 1288 ΚΙΞαυγάζεις
1682 1135 1901 1202 σΥλαν.

330 1221 458 1294 Τὰς
503 1225 574 1288 ἐκ
619 1224 931 1309 φαρέτρας
970 1225 1261 1309 ψηφίδας.
1372 1224 1443 1309 ύρ
1489 1246 1575 1293 εις
1609 1228 1836 1287 κακῶν.

328 1304 572 1395 Ταχεῖα
618 1309 817 1372 πειθὼ
865 1314 984 1372 τῶν
1032 1313 1258 1372 κακῶν.
1305 1309 1398 1372 Δι’
1485 1330 1731 1393 ρματος.

330 1389 576 1479 Τελχίν.
620 1391 771 1457 Βίον
817 1398 897 1478 ζῇ
934 1393 1279 1478 πνεύμονος
1320 1393 1675 1456 θαλαττίου.

330 1474 674 1562 Τεμεσαῖος
713 1480 902 1563 ἥρως.
950 1476 1147 1546 Οὗτος
1190 1478 1381 1547 ἄλλος
1416 1475 1751 1562 “Ηρακλῆς.

329 1560 613 1646 Τήνελλα
654 1564 1020 1631 καλλίνικος.
1068 1559 1157 1626 Οὐ
1198 1563 1254 1625 δ’
1301 1564 1464 1626 οὕτω
1508 1565 1732 1629 κακῶς.

329 1642 458 1728 Τῆς
498 1647 744 1730 μητρὸς,
791 1648 998 1731 ὥσπερ
1047 1647 1166 1722 αἲξ,
1213 1650 1400 1731 καλῇ.
1445 1646 1753 1713 θανάτους
1795 1642 1968 1707 όνου.

329 1726 409 1792 Τί
451 1732 605 1814 πρὸς
643 1731 744 1792 τὸν
776 1727 1045 1815 Ἑρμῆνς
1072 1728 1262 1799 Ὄνος
1299 1730 1464 1813 ἄγων
1510 1731 1831 1814 μυστήρια.

330 1811 411 1877 Τί
446 1818 712 1899 πρῶτον,
753 1815 792 1899 ἢ
839 1815 899 1878 τί
935 1815 1223 1892 ὕστατονς
1266 1811 1533 1878 Βολίτου
1579 1815 1737 1897 δίκη.

330 1894 410 1961 Τί
447 1921 547 1961 σοι
588 1897 916 1962 Ἀπόλλων
962 1897 1337 1985 κεκιθάρικ’;
1370 1899 1603 1985 Ἄργου
1652 1900 1865 1983 λόφος.
1939 1968 1964 1977 ἢ

331 1979 573 2047 Τίλλειν
622 1984 962 2068 φαλακρόν.
1003 1984 1219 2054 Ἀετὸς
1266 1984 1511 2070 φεύγων
1551 1983 1760 2047 λύκον.
1881 1998 1886 2003 “

333 2063 420 2132 Τὸ
505 2072 576 2153 ρό
618 2067 873 2137 Δίωνος.
921 2065 1041 2133 Τὸν
1084 2069 1291 2139 Εύοντ’
1335 2068 1649 2140 ἀντιΕύειν.

332 2147 422 2217 Τὸ
463 2091 699 2237 θερμὸν
741 2153 988 2240 ὀβελοῦ.
1039 2151 1107 2216 T'
1151 2154 1475 2239 ἀλλότριον
1528 2156 1690 2238 ἀμᾷς
1729 2152 1939 2236 θέρος.

332 2232 420 2300 Τὸ
460 2236 755 2300 θετταλὸν
803 2237 1100 2323 σόφισμα.
1150 2237 1476 2323 Πελλήνης
1509 2241 1718 2323 χιτών.

332 2317 420 2384 Τὸ
470 2325 703 2407 σχᾶμα,
746 2322 849 2386 καὶ
897 2324 964 2385 τὸ
1018 2322 1206 2408 βᾶμα.
1251 2322 1684 2405 Μελλονικιᾷν.

332 2401 420 2469 Τὸ
467 2406 782 2492 Φρυνίχου
829 2408 1172 2491 πάλαισμα.
1211 2407 1512 2493 Σαρδῶος
1550 2406 1767 2490 γέλως.

333 2485 637 2575 Τραγικὸς
675 2492 959 2576 πίθηκος.
1001 2489 1449 2577 Εὐγενέστερος
1491 2489 1763 2574 Κόδρου.

333 2569 726 2661 Τραγῳδικὸν
775 2577 1093 2661 βλέπουσι.
1141 2576 1301 2646 Θεὸς
1346 2576 1657 2658 ἀνενδεής.

333 2654 723 2744 Τρικέφαλος
756 2658 1017 2746 Ἑρμῆς.
1065 2658 1195 2726 Τοῦ
1241 2662 1472 2746 πατρὸς
1513 2661 1581 2723 τὸ
1624 2659 1893 2723 παιδίον.

327 2736 564 2890 εΤιρίψαι
604 2743 961 2850 πρόσωπον.
999 2742 1240 2828 Ὀμόσε
1276 2749 1507 2831 χωρεῖν
1548 2748 1638 2829 τῷ
1676 2742 1907 2830 χρόνῳ.

317 2828 533 2998 Ὕέῖέῑ,
562 2829 783 2996 {2:23}-
815 2827 1620 3001 Εεὲὃὲῆὶηιὲῡῴδῐ.

327 2992 858 3083 Ὑπερβερεταῖος.
905 2995 1101 3068 Αὖθις
1147 2997 1225 3063 αὖ
1268 2997 1529 3063 Πυθῶδ’
1579 3001 1741 3066 ὁδός.

326 3076 733 3168 Ὑποσχέσεις
775 3080 1083 3168 Χάρητος.
1108 3080 1229 3152 2Ύς
1278 3084 1625 3168 ἐκώμασεν.

192 3196 215 3213 ·
315 3162 435 3235 ’Ὗς
476 3168 583 3251 τὴν
621 3165 918 3251 Ἀθηνᾶν.
956 3164 1036 3231 ‘H
1080 3170 1261 3252 χάρις
1300 3170 1480 3254 χάριν
1524 3167 1721 3253 φέρει.

338 3249 981 3338 Φορμορῥαφούμεθ’.
1024 3248 1419 3338 Εὐλαβεῖσθε
1458 3254 1561 3316 τὸν
1609 3253 1781 3317 κύνα.

338 3333 622 3399 Φύλαττε
668 3337 770 3399 τὸν
815 3337 1096 3422 θώρακα.
1146 3335 1405 3407 Τιτᾶνας
1439 3339 1668 3406 καλεῖς.

339 3418 511 3505 Φρὺξ
557 3420 749 3503 μηδὲν
792 3420 971 3503 ἧττον
1018 3420 1393 3506 Σπινθάρου.
1446 3419 1614 3490 Βοῦς
1660 3422 1722 3484 ἐν
1754 3421 1966 3487 πόλει.

337 3502 624 3572 Φώκειος
671 3501 909 3588 ἔρανος.
947 3503 1031 3569 Ἥ
1073 3508 1421 3591 χαρώνειος
1464 3506 1646 3591 θύρα.
