2452 4186
1207 328 1330 388 404

359 498 591 560 Sacrati
623 507 855 571 castus,
899 498 1138 575 pellens
1181 500 1411 559 oblivia
1449 500 1526 559 ab
1567 499 1712 558 illis.

359 670 438 729 77
736 669 928 727 Divae
971 671 1243 728 Matutae
1289 670 1568 744 suffimen,
1606 689 1838 729 manna.

359 755 525 816 Cede
568 753 726 826 Dea,
769 755 1052 831 aurigans
1099 755 1364 814 candens
1406 751 1741 813 mortalibu'
1783 755 2013 827 lumen,

360 840 557 912 Clara,
601 839 1013 916 pudoricolor,
1047 841 1271 899 mundo
1316 842 1548 899 Matuta
1595 839 1927 918 refulgens,

356 929 565 986 Aurea
604 924 977 1001 magnanimi
1024 924 1231 984 Titani
1270 926 1482 983 nuntia
1525 922 1715 984 Solis:

357 1009 715 1069 Horriferae
755 1028 912 1084 quae
955 1010 1136 1069 itiner
1176 1010 1567 1086 anfractaque
1613 1011 1814 1068 noctis
1861 1029 2058 1088 opaca

357 1096 520 1154 Diva
560 1102 666 1152 tuo
712 1112 966 1153 revocas
1006 1095 1157 1153 initu
1204 1096 1315 1153 sub
1361 1096 1597 1155 viscera
1632 1103 1863 1153 terrae:

357 1181 503 1241 Dux
545 1197 823 1256 operum,
869 1180 1028 1238 vitae
1067 1176 1414 1239 mortalibu’
1450 1179 1576 1238 Dia
1620 1181 1931 1251 ministra3

358 1267 614 1342 Quaque
653 1265 966 1323 hominum
1008 1265 1272 1343 gaudent
1296 1266 1632 1343 aegerrima
1668 1266 1856 1338 secla,
1880 1283 1996 1324 nec
2020 1264 2180 1323 ullus

361 1351 557 1428 Quem
601 1350 835 1427 fugisse
873 1358 1012 1409 tuos
1059 1351 1154 1409 fas
1203 1351 1285 1410 sit
1325 1350 1682 1427 polcerrima
1721 1351 1947 1423 voltuS,

359 1435 617 1510 Quando
668 1435 842 1512 genis
888 1443 1164 1513 exterges
1213 1436 1401 1495 otium
1445 1435 1707 1493 amabile
1750 1437 1974 1495 somni.

360 1521 534 1580 Tunc
571 1520 834 1598 gaudent
871 1520 1173 1593 homines,
1219 1529 1557 1597 serpentes,
1603 1528 1803 1579 cetera
1842 1522 2031 1595 secla,

357 1605 850 1682 Quadrupedum,
868 1613 927 1663 et
950 1606 1361 1680 volucrum,et
1392 1606 1799 1665 stabulantum
1825 1607 1889 1665 in
1917 1598 2183 1666 fluctibu’

1573 1691 1778 1751 salsis.

356 1776 638 1852 Namque
681 1794 923 1834 omnem
969 1776 1272 1834 excultum
1319 1775 1508 1834 donas
1549 1772 1892 1836 mortalibu'
1940 1777 2183 1836 victum.

359 1862 484 1924 Sed
522 1869 587 1919 tu
630 1860 755 1920 Dia
795 1861 1166 1920 antistitibus
1211 1880 1449 1920 sacrum
1488 1862 1666 1920 iubar
1706 1880 1878 1939 auge.

360 2030 442 2090 78
807 2031 1000 2088 Divae
1045 2033 1250 2089 Iuritis
1295 2031 1578 2107 suffimen,
1626 2041 1732 2089 tas,

360 2115 691 2193 Caeligena
733 2115 849 2173 huc
892 2116 1101 2175 Iuritis
1145 2117 1295 2175 ades
1334 2117 1596 2192 patrima
1636 2118 1866 2195 virag0,

356 2204 599 2261 Mustea
631 2201 969 2277 ⁴progenies
1013 2201 1274 2275 telluriS,
1322 2199 1545 2261 Caesia
1590 2202 1708 2274 dia,

359 2286 666 2346 Vaticinas
705 2305 861 2360 quae
901 2286 1096 2362 prima
1134 2287 1338 2363 aperis
1379 2287 1724 2345 mortalibu'
1768 2294 1962 2347 sortes

358 2372 736 2449 Delphorum
775 2370 913 2430 Diis
959 2390 1069 2446 pro
1118 2373 1355 2430 cortina
1398 2372 1644 2430 oracula
1687 2373 1888 2431 fatans
1900 2395 1919 2444 3

357 2457 656 2516 Puticulis
702 2457 806 2513 ubi
852 2456 1131 2516 Puteolis
1178 2459 1393 2536 regina
1435 2458 1712 2516 cluebas:

356 2543 438 2602 Et
471 2542 712 2601 Februo
746 2541 916 2599 fandi
959 2542 1203 2602 donasti
1244 2549 1455 2617 pectus
1500 2542 1755 2600 habere:

358 2630 656 2704 Augusta,
699 2626 1007 2702 speciosa,
1050 2629 1455 2702 verendaque,
1497 2625 1892 2703 noctuvolgaz
1953 2645 1964 2649 ⁶

356 2711 568 2770 Prima
611 2711 833 2769 etenim
876 2711 1028 2770 ritus
1075 2713 1380 2771 hominum
1424 2731 1615 2790 genus
1662 2710 1973 2782 edocuisti,

357 2795 695 2856 Nocturnis
746 2797 935 2855 sacris
975 2796 1269 2856 Brumum
1308 2798 1570 2855 fanatica
1609 2796 1876 2861 [ovando.

358 2883 458 2940 Ex
498 2890 560 2941 te
604 2882 765 2940 enim
804 2889 1127 2958 castusque
1168 2883 1373 2942 Deum
1428 2883 1741 2957 cultusque
1788 2878 2060 2938 verendi.

360 2967 499 3026 Huc
540 2967 728 3040 adsis,
774 2967 912 3039 huc,
947 2966 1132 3041 Diva,
1178 2968 1409 3027 faventi
1449 2968 1696 3025 numi-ne
1739 2965 1984 3038 blanda,

359 3053 457 3112 Ad
497 3052 704 3111 divina
737 3052 827 3109 tui
869 3053 1216 3112 veneranda
1268 3054 1509 3112 silentia
1557 3051 1732 3112 sacri.

361 3219 444 3278 79
873 3223 1180 3299 Aquilonis
1216 3224 1499 3298 suffimen,
1541 3233 1648 3282 ms.

357 3305 698 3367 Horriferis
734 3308 943 3367 flabris
988 3318 1396 3382 contorquens
1442 3326 1710 3383 aequora
1747 3304 1926 3377 coeli,

358 3392 499 3453 Huc
537 3392 765 3466 Aquilo
810 3389 1095 3470 glaciali',
1146 3393 1496 3468 relinquens
1542 3391 1832 3469 ninguida
1873 3388 2185 3447 Thracae:

368 3476 563 3539 Solve
600 3473 754 3535 Covi
796 3478 1063 3553 subices,
1103 3478 1418 3556 nigrantes
1454 3478 1698 3536 nubibu'
1741 3474 1910 3547 totis,

358 3563 637 3624 Flamina
673 3561 1006 3624 discutiens
1042 3570 1450 3642 praegnantes
1488 3562 1767 3623 imbribu’
1810 3560 2027 3632 nubes,
