<?xml version="1.0" encoding="UTF-8"?>
<!DOCTYPE html PUBLIC "-//W3C//DTD XHTML 1.0 Transitional//EN"
    "http://www.w3.org/TR/xhtml1/DTD/xhtml1-transitional.dtd">
<html xmlns="http://www.w3.org/1999/xhtml" xml:lang="en" lang="en">
 <head>
  <title>
</title>
<meta http-equiv="Content-Type" content="text/html;charset=utf-8" />
  <meta name='ocr-system' content='tesseract 3.04.00' />
  <meta name='ocr-capabilities' content='ocr_page ocr_carea ocr_par ocr_line ocrx_word'/>
</head>
<body>
  <div class='ocr_page' id='page_1' title='image "./iosephiscaliger02scalgoog/iosephiscaliger02scalgoog_0117.png"; bbox 0 0 2452 4186; ppageno 0'>
   <div class='ocr_carea' id='block_1_1' title="bbox 1003 325 1218 418">
    <p class='ocr_par' dir='ltr' id='par_1_1' title="bbox 1003 325 1218 418">
     <span class='ocr_line' id='line_1_1' title="bbox 1003 325 1218 418; baseline 0 -34"><span class='ocrx_word' id='word_1_1' title='bbox 1003 325 1218 418; x_wconf 40' lang='lat'>*115</span> 
     </span>
    </p>
   </div>
   <div class='ocr_carea' id='block_1_2' title="bbox 1071 412 1302 419">
    <p class='ocr_par' dir='ltr' id='par_1_2' title="bbox 1071 412 1302 419">
     <span class='ocr_line' id='line_1_2' title="bbox 1071 412 1302 419; baseline 0 3767"><span class='ocrx_word' id='word_1_2' title='bbox 1071 412 1302 419; x_wconf 95' lang='lat' dir='ltr'> </span> 
     </span>
    </p>
   </div>
   <div class='ocr_carea' id='block_1_3' title="bbox 233 490 1770 659">
    <p class='ocr_par' dir='ltr' id='par_1_3' title="bbox 233 490 1770 659">
     <span class='ocr_line' id='line_1_3' title="bbox 243 490 1770 572; baseline 0.006 -23"><span class='ocrx_word' id='word_1_3' title='bbox 243 491 337 549; x_wconf 87' lang='lat'>16.</span> <span class='ocrx_word' id='word_1_4' title='bbox 429 490 718 552; x_wconf 83' lang='lat' dir='ltr'>Humana</span> <span class='ocrx_word' id='word_1_5' title='bbox 756 492 879 551; x_wconf 83' lang='lat' dir='ltr'>vita</span> <span class='ocrx_word' id='word_1_6' title='bbox 925 502 1019 554; x_wconf 86' lang='lat' dir='ltr'>est</span> <span class='ocrx_word' id='word_1_7' title='bbox 1063 494 1218 567; x_wconf 87' lang='lat' dir='ltr'>alea,</span> <span class='ocrx_word' id='word_1_8' title='bbox 1263 496 1324 553; x_wconf 88' lang='lat' dir='ltr'>in</span> <span class='ocrx_word' id='word_1_9' title='bbox 1366 515 1485 572; x_wconf 88' lang='lat' dir='ltr'>qua</span> <span class='ocrx_word' id='word_1_10' title='bbox 1531 498 1770 558; x_wconf 79' lang='lat' dir='ltr'>vincere</span> 
     </span>
     <span class='ocr_line' id='line_1_4' title="bbox 233 575 1614 659; baseline 0.005 -26"><span class='ocrx_word' id='word_1_11' title='bbox 233 575 390 633; x_wconf 87' lang='lat' dir='ltr'>Tam</span> <span class='ocrx_word' id='word_1_12' title='bbox 433 577 771 650; x_wconf 83' lang='lat' dir='ltr'>fortuitum,</span> <span class='ocrx_word' id='word_1_13' title='bbox 815 597 992 653; x_wconf 89' lang='lat' dir='ltr'>quam</span> <span class='ocrx_word' id='word_1_14' title='bbox 1043 599 1299 639; x_wconf 89' lang='lat' dir='ltr'>necesse</span> <span class='ocrx_word' id='word_1_15' title='bbox 1342 583 1614 659; x_wconf 84' lang='lat' dir='ltr'>perdere.</span> 
     </span>
    </p>
   </div>
   <div class='ocr_carea' id='block_1_4' title="bbox 232 744 1843 1588">
    <p class='ocr_par' dir='ltr' id='par_1_4' title="bbox 234 744 1657 903">
     <span class='ocr_line' id='line_1_5' title="bbox 246 744 1657 828; baseline 0.005 -25"><span class='ocrx_word' id='word_1_16' title='bbox 246 746 336 803; x_wconf 85' lang='lat'>17.</span> <span class='ocrx_word' id='word_1_17' title='bbox 427 744 494 806; x_wconf 86' lang='lat' dir='ltr'>Si</span> <span class='ocrx_word' id='word_1_18' title='bbox 535 764 747 823; x_wconf 87' lang='lat' dir='ltr'>cogere</span> <span class='ocrx_word' id='word_1_19' title='bbox 785 747 925 806; x_wconf 89' lang='lat' dir='ltr'>ullis</span> <span class='ocrx_word' id='word_1_20' title='bbox 967 749 1264 808; x_wconf 84' lang='lat' dir='ltr'>interesse</span> <span class='ocrx_word' id='word_1_21' title='bbox 1305 750 1657 828; x_wconf 83' lang='lat' dir='ltr'>coetibus[‚]</span> 
     </span>
     <span class='ocr_line' id='line_1_6' title="bbox 234 828 1289 903; baseline 0.004 -15"><span class='ocrx_word' id='word_1_22' title='bbox 234 828 405 903; x_wconf 79' lang='lat' dir='ltr'>Quos</span> <span class='ocrx_word' id='word_1_23' title='bbox 445 831 735 889; x_wconf 85' lang='lat' dir='ltr'>insolenti</span> <span class='ocrx_word' id='word_1_24' title='bbox 779 832 1119 892; x_wconf 82' lang='lat' dir='ltr'>diffluentes</span> <span class='ocrx_word' id='word_1_25' title='bbox 1166 834 1289 892; x_wconf 91' lang='lat' dir='ltr'>otio</span> 
     </span>
    </p>

    <p class='ocr_par' dir='ltr' id='par_1_5' title="bbox 236 915 1623 1165">
     <span class='ocr_line' id='line_1_7' title="bbox 236 915 1623 994; baseline 0.006 -23"><span class='ocrx_word' id='word_1_26' title='bbox 236 915 349 972; x_wconf 87' lang='lat' dir='ltr'>Vel</span> <span class='ocrx_word' id='word_1_27' title='bbox 394 916 554 989; x_wconf 83' lang='lat' dir='ltr'>rixa,</span> <span class='ocrx_word' id='word_1_28' title='bbox 583 916 698 990; x_wconf 42' lang='lat' dir='ltr'>„vel</span> <span class='ocrx_word' id='word_1_29' title='bbox 741 916 832 977; x_wconf 78' lang='lat' dir='ltr'>vis</span> <span class='ocrx_word' id='word_1_30' title='bbox 880 918 1077 976; x_wconf 78' lang='lat' dir='ltr'>calida</span> <span class='ocrx_word' id='word_1_31' title='bbox 1126 918 1429 994; x_wconf 76' lang='lat' dir='ltr'><strong>commisit</strong></span> <span class='ocrx_word' id='word_1_32' title='bbox 1472 920 1623 979; x_wconf 87' lang='lat' dir='ltr'>meri</span> 
     </span>
     <span class='ocr_line' id='line_1_8' title="bbox 238 999 1451 1081; baseline 0.004 -24"><span class='ocrx_word' id='word_1_33' title='bbox 238 999 695 1074; x_wconf 77' lang='lat' dir='ltr'>Tumultuosos‚</span> <span class='ocrx_word' id='word_1_34' title='bbox 740 1001 839 1062; x_wconf 87' lang='lat' dir='ltr'>vel</span> <span class='ocrx_word' id='word_1_35' title='bbox 881 999 1124 1063; x_wconf 82' lang='lat' dir='ltr'>iocosus</span> <span class='ocrx_word' id='word_1_36' title='bbox 1170 1003 1451 1081; x_wconf 81' lang='lat' dir='ltr'>garrulae</span> 
     </span>
     <span class='ocr_line' id='line_1_9' title="bbox 236 1082 1412 1165; baseline 0.005 -24"><span class='ocrx_word' id='word_1_37' title='bbox 236 1082 594 1144; x_wconf 87' lang='lat' dir='ltr'>Dicacitatis</span> <span class='ocrx_word' id='word_1_38' title='bbox 647 1085 826 1145; x_wconf 85' lang='lat' dir='ltr'>solvit</span> <span class='ocrx_word' id='word_1_39' title='bbox 862 1088 925 1146; x_wconf 91' lang='lat' dir='ltr'>in</span> <span class='ocrx_word' id='word_1_40' title='bbox 969 1085 1157 1148; x_wconf 86' lang='lat' dir='ltr'>risum</span> <span class='ocrx_word' id='word_1_41' title='bbox 1201 1089 1412 1165; x_wconf 84' lang='lat' dir='ltr'>lepos:</span> 
     </span>
    </p>

    <p class='ocr_par' dir='ltr' id='par_1_6' title="bbox 234 1170 1685 1333">
     <span class='ocr_line' id='line_1_10' title="bbox 234 1170 1685 1246; baseline 0.003 -19"><span class='ocrx_word' id='word_1_42' title='bbox 234 1170 565 1246; x_wconf 81' lang='lat' dir='ltr'>Tantisper</span> <span class='ocrx_word' id='word_1_43' title='bbox 603 1171 753 1228; x_wconf 87' lang='lat' dir='ltr'>haec</span> <span class='ocrx_word' id='word_1_44' title='bbox 795 1172 936 1230; x_wconf 88' lang='lat' dir='ltr'>dum</span> <span class='ocrx_word' id='word_1_45' title='bbox 982 1173 1402 1232; x_wconf 86' lang='lat' dir='ltr'>detumescunt</span> <span class='ocrx_word' id='word_1_46' title='bbox 1444 1173 1685 1245; x_wconf 85' lang='lat' dir='ltr'>frivola,</span> 
     </span>
     <span class='ocr_line' id='line_1_11' title="bbox 234 1249 1660 1333; baseline 0.003 -21"><span class='ocrx_word' id='word_1_47' title='bbox 234 1255 571 1333; x_wconf 86' lang='lat' dir='ltr'>Praecepta</span> <span class='ocrx_word' id='word_1_48' title='bbox 614 1249 775 1332; x_wconf 82' lang='lat' dir='ltr'>apud</span> <span class='ocrx_word' id='word_1_49' title='bbox 817 1265 878 1315; x_wconf 89' lang='lat' dir='ltr'>te</span> <span class='ocrx_word' id='word_1_50' title='bbox 916 1258 1210 1317; x_wconf 83' lang='lat' dir='ltr'>refricans</span> <span class='ocrx_word' id='word_1_51' title='bbox 1253 1277 1480 1316; x_wconf 87' lang='lat' dir='ltr'>memor</span> <span class='ocrx_word' id='word_1_52' title='bbox 1523 1277 1660 1316; x_wconf 82' lang='lat' dir='ltr'>mea</span> 
     </span>
    </p>

    <p class='ocr_par' dir='ltr' id='par_1_7' title="bbox 232 1340 1843 1588">
     <span class='ocr_line' id='line_1_12' title="bbox 233 1340 1674 1417; baseline 0.003 -21"><span class='ocrx_word' id='word_1_53' title='bbox 233 1340 303 1397; x_wconf 88' lang='lat' dir='ltr'>In</span> <span class='ocrx_word' id='word_1_54' title='bbox 351 1350 553 1398; x_wconf 88' lang='lat' dir='ltr'>mente</span> <span class='ocrx_word' id='word_1_55' title='bbox 600 1340 888 1399; x_wconf 88' lang='lat' dir='ltr'>blandum</span> <span class='ocrx_word' id='word_1_56' title='bbox 932 1362 1154 1417; x_wconf 81' lang='lat' dir='ltr'>quaere</span> <span class='ocrx_word' id='word_1_57' title='bbox 1198 1361 1509 1402; x_wconf 85' lang='lat' dir='ltr'>secessum</span> <span class='ocrx_word' id='word_1_58' title='bbox 1553 1350 1674 1404; x_wconf 82' lang='lat' dir='ltr'>tua.</span> 
     </span>
     <span class='ocr_line' id='line_1_13' title="bbox 232 1419 1843 1507; baseline 0.002 -25"><span class='ocrx_word' id='word_1_59' title='bbox 232 1424 456 1484; x_wconf 88' lang='lat' dir='ltr'>Potens</span> <span class='ocrx_word' id='word_1_60' title='bbox 509 1425 604 1484; x_wconf 91' lang='lat' dir='ltr'>sui</span> <span class='ocrx_word' id='word_1_61' title='bbox 645 1419 841 1499; x_wconf 77' lang='lat' dir='ltr'>mene,</span> <span class='ocrx_word' id='word_1_62' title='bbox 886 1445 1157 1503; x_wconf 78' lang='lat' dir='ltr'>quaeque</span> <span class='ocrx_word' id='word_1_63' title='bbox 1203 1446 1271 1487; x_wconf 91' lang='lat' dir='ltr'>se</span> <span class='ocrx_word' id='word_1_64' title='bbox 1319 1446 1627 1503; x_wconf 86' lang='lat' dir='ltr'>nunquam</span> <span class='ocrx_word' id='word_1_65' title='bbox 1669 1428 1843 1507; x_wconf 83' lang='lat' dir='ltr'>fugit,</span> 
     </span>
     <span class='ocr_line' id='line_1_14' title="bbox 233 1507 1624 1588; baseline 0.001 -20"><span class='ocrx_word' id='word_1_66' title='bbox 233 1511 300 1568; x_wconf 92' lang='lat' dir='ltr'>In</span> <span class='ocrx_word' id='word_1_67' title='bbox 347 1511 776 1588; x_wconf 76' lang='lat' dir='ltr'>plebe-media</span> <span class='ocrx_word' id='word_1_68' title='bbox 817 1511 991 1570; x_wconf 84' lang='lat' dir='ltr'>dulce</span> <span class='ocrx_word' id='word_1_69' title='bbox 1036 1521 1333 1571; x_wconf 87' lang='lat' dir='ltr'>secretum</span> <span class='ocrx_word' id='word_1_70' title='bbox 1377 1507 1624 1570; x_wconf 87' lang='lat' dir='ltr'>invenit.</span> 
     </span>
    </p>
   </div>
   <div class='ocr_carea' id='block_1_5' title="bbox 189 1679 2046 2944">
    <p class='ocr_par' dir='ltr' id='par_1_8' title="bbox 189 1679 2046 2944">
     <span class='ocr_line' id='line_1_15' title="bbox 691 1679 1579 1756; baseline 0.001 -19"><span class='ocrx_word' id='word_1_71' title='bbox 691 1680 785 1738; x_wconf 85' lang='lat'>18.</span> <span class='ocrx_word' id='word_1_72' title='bbox 879 1679 1157 1756; x_wconf 75' lang='lat' dir='ltr'>Sophista</span> <span class='ocrx_word' id='word_1_73' title='bbox 1194 1683 1257 1737; x_wconf 79' lang='lat' dir='ltr'>in</span> <span class='ocrx_word' id='word_1_74' title='bbox 1305 1683 1579 1740; x_wconf 73' lang='lat' dir='ltr'>convivio,</span> 
     </span>
     <span class='ocr_line' id='line_1_16' title="bbox 228 1760 1704 1842; baseline 0.002 -22"><span class='ocrx_word' id='word_1_75' title='bbox 228 1760 365 1835; x_wconf 79' lang='lat' dir='ltr'>Quo</span> <span class='ocrx_word' id='word_1_76' title='bbox 412 1771 471 1820; x_wconf 92' lang='lat' dir='ltr'>te</span> <span class='ocrx_word' id='word_1_77' title='bbox 502 1762 864 1823; x_wconf 89' lang='lat' dir='ltr'>ambulando</span> <span class='ocrx_word' id='word_1_78' title='bbox 910 1784 1142 1839; x_wconf 87' lang='lat' dir='ltr'>cunque</span> <span class='ocrx_word' id='word_1_79' title='bbox 1188 1765 1373 1823; x_wconf 88' lang='lat' dir='ltr'>vertis</span> <span class='ocrx_word' id='word_1_80' title='bbox 1412 1766 1704 1842; x_wconf 82' lang='lat' dir='ltr'>gentium,</span> 
     </span>
     <span class='ocr_line' id='line_1_17' title="bbox 230 1846 1488 1926; baseline 0.003 -22"><span class='ocrx_word' id='word_1_81' title='bbox 230 1846 433 1905; x_wconf 85' lang='lat' dir='ltr'>Vitare</span> <span class='ocrx_word' id='word_1_82' title='bbox 479 1869 604 1907; x_wconf 91' lang='lat' dir='ltr'>non</span> <span class='ocrx_word' id='word_1_83' title='bbox 651 1859 744 1908; x_wconf 90' lang='lat' dir='ltr'>est</span> <span class='ocrx_word' id='word_1_84' title='bbox 791 1850 1234 1926; x_wconf 84' lang='lat' dir='ltr'>disputatorum</span> <span class='ocrx_word' id='word_1_85' title='bbox 1274 1869 1488 1926; x_wconf 65' lang='lat' dir='ltr'>geum,</span> 
     </span>
     <span class='ocr_line' id='line_1_18' title="bbox 227 1932 1672 2011; baseline 0.003 -23"><span class='ocrx_word' id='word_1_86' title='bbox 227 1932 509 2011; x_wconf 86' lang='lat' dir='ltr'>Pugnax‚</span> <span class='ocrx_word' id='word_1_87' title='bbox 552 1943 921 2009; x_wconf 77' lang='lat' dir='ltr'>protervum,</span> <span class='ocrx_word' id='word_1_88' title='bbox 963 1936 1308 2008; x_wconf 76' lang='lat' dir='ltr'>factiosum,</span> <span class='ocrx_word' id='word_1_89' title='bbox 1345 1935 1672 2011; x_wconf 80' lang='lat' dir='ltr'>garrulum,</span> 
     </span>
     <span class='ocr_line' id='line_1_19' title="bbox 229 2018 1735 2096; baseline 0.001 -21"><span class='ocrx_word' id='word_1_90' title='bbox 229 2018 402 2093; x_wconf 80' lang='lat' dir='ltr'>Quos</span> <span class='ocrx_word' id='word_1_91' title='bbox 448 2020 619 2096; x_wconf 85' lang='lat' dir='ltr'>pacis</span> <span class='ocrx_word' id='word_1_92' title='bbox 662 2019 869 2078; x_wconf 88' lang='lat' dir='ltr'>hostes</span> <span class='ocrx_word' id='word_1_93' title='bbox 917 2021 1131 2077; x_wconf 84' lang='lat' dir='ltr'>ultima</span> <span class='ocrx_word' id='word_1_94' title='bbox 1171 2021 1322 2078; x_wconf 85' lang='lat' dir='ltr'>haec</span> <span class='ocrx_word' id='word_1_95' title='bbox 1367 2027 1536 2079; x_wconf 85' lang='lat' dir='ltr'>aetas</span> <span class='ocrx_word' id='word_1_96' title='bbox 1578 2020 1735 2091; x_wconf 83' lang='lat' dir='ltr'>tulit,</span> 
     </span>
     <span class='ocr_line' id='line_1_20' title="bbox 228 2102 1644 2182; baseline 0.004 -22"><span class='ocrx_word' id='word_1_97' title='bbox 228 2102 343 2176; x_wconf 85' lang='lat' dir='ltr'>Qui</span> <span class='ocrx_word' id='word_1_98' title='bbox 388 2112 560 2162; x_wconf 90' lang='lat' dir='ltr'>nocte</span> <span class='ocrx_word' id='word_1_99' title='bbox 603 2105 819 2177; x_wconf 80' lang='lat' dir='ltr'>lucem,</span> <span class='ocrx_word' id='word_1_100' title='bbox 852 2107 1025 2182; x_wconf 88' lang='lat' dir='ltr'>nigra</span> <span class='ocrx_word' id='word_1_101' title='bbox 1067 2113 1307 2164; x_wconf 88' lang='lat' dir='ltr'>vertunt</span> <span class='ocrx_word' id='word_1_102' title='bbox 1350 2106 1644 2178; x_wconf 59' lang='lat' dir='ltr'>candidis,</span> 
     </span>
     <span class='ocr_line' id='line_1_21' title="bbox 226 2189 1425 2263; baseline 0.002 -18"><span class='ocrx_word' id='word_1_103' title='bbox 226 2189 303 2246; x_wconf 89' lang='lat' dir='ltr'>Et</span> <span class='ocrx_word' id='word_1_104' title='bbox 346 2190 764 2263; x_wconf 83' lang='lat' dir='ltr'>quaestionum</span> <span class='ocrx_word' id='word_1_105' title='bbox 807 2191 1091 2249; x_wconf 87' lang='lat' dir='ltr'>tristitate</span> <span class='ocrx_word' id='word_1_106' title='bbox 1136 2191 1425 2250; x_wconf 87' lang='lat' dir='ltr'>condiunt</span> 
     </span>
     <span class='ocr_line' id='line_1_22' title="bbox 225 2272 1441 2351; baseline 0.002 -19"><span class='ocrx_word' id='word_1_107' title='bbox 225 2272 421 2332; x_wconf 86' lang='lat' dir='ltr'>Natas</span> <span class='ocrx_word' id='word_1_108' title='bbox 465 2275 527 2331; x_wconf 90' lang='lat' dir='ltr'>in</span> <span class='ocrx_word' id='word_1_109' title='bbox 577 2294 752 2333; x_wconf 88' lang='lat' dir='ltr'>usum</span> <span class='ocrx_word' id='word_1_110' title='bbox 797 2276 985 2334; x_wconf 83' lang='lat' dir='ltr'>sobrii</span> <span class='ocrx_word' id='word_1_111' title='bbox 1029 2277 1188 2334; x_wconf 90' lang='lat' dir='ltr'>risus</span> <span class='ocrx_word' id='word_1_112' title='bbox 1233 2276 1441 2351; x_wconf 84' lang='lat' dir='ltr'>dapes.</span> 
     </span>
     <span class='ocr_line' id='line_1_23' title="bbox 225 2357 1710 2431; baseline 0 -15"><span class='ocrx_word' id='word_1_113' title='bbox 225 2357 356 2417; x_wconf 91' lang='lat' dir='ltr'>Hos</span> <span class='ocrx_word' id='word_1_114' title='bbox 400 2378 512 2416; x_wconf 88' lang='lat' dir='ltr'>nec</span> <span class='ocrx_word' id='word_1_115' title='bbox 559 2360 841 2417; x_wconf 86' lang='lat' dir='ltr'>decorum</span> <span class='ocrx_word' id='word_1_116' title='bbox 889 2369 1002 2431; x_wconf 80' lang='lat' dir='ltr'>est,</span> <span class='ocrx_word' id='word_1_117' title='bbox 1047 2379 1160 2417; x_wconf 91' lang='lat' dir='ltr'>nec</span> <span class='ocrx_word' id='word_1_118' title='bbox 1198 2368 1367 2418; x_wconf 88' lang='lat' dir='ltr'>tuum</span> <span class='ocrx_word' id='word_1_119' title='bbox 1410 2358 1710 2417; x_wconf 84' lang='lat' dir='ltr'>refellere.</span> 
     </span>
     <span class='ocr_line' id='line_1_24' title="bbox 227 2443 1745 2521; baseline 0 -21"><span class='ocrx_word' id='word_1_120' title='bbox 227 2443 364 2500; x_wconf 87' lang='lat' dir='ltr'>Tali</span> <span class='ocrx_word' id='word_1_121' title='bbox 409 2445 580 2502; x_wconf 84' lang='lat' dir='ltr'>hoste</span> <span class='ocrx_word' id='word_1_122' title='bbox 618 2445 778 2503; x_wconf 84' lang='lat' dir='ltr'>victo</span> <span class='ocrx_word' id='word_1_123' title='bbox 834 2446 969 2521; x_wconf 92' lang='lat' dir='ltr'>quis</span> <span class='ocrx_word' id='word_1_124' title='bbox 1012 2445 1351 2521; x_wconf 85' lang='lat' dir='ltr'>triumphus</span> <span class='ocrx_word' id='word_1_125' title='bbox 1395 2453 1456 2502; x_wconf 92' lang='lat' dir='ltr'>te</span> <span class='ocrx_word' id='word_1_126' title='bbox 1501 2444 1745 2501; x_wconf 76' lang='lat' dir='ltr'>manet?</span> 
     </span>
     <span class='ocr_line' id='line_1_25' title="bbox 223 2527 1512 2608; baseline 0.001 -23"><span class='ocrx_word' id='word_1_127' title='bbox 223 2527 522 2586; x_wconf 85' lang='lat' dir='ltr'>Luctante</span> <span class='ocrx_word' id='word_1_128' title='bbox 567 2529 770 2587; x_wconf 87' lang='lat' dir='ltr'>eodem</span> <span class='ocrx_word' id='word_1_129' title='bbox 818 2549 1024 2608; x_wconf 86' lang='lat' dir='ltr'>pugna</span> <span class='ocrx_word' id='word_1_130' title='bbox 1065 2530 1267 2607; x_wconf 82' lang='lat' dir='ltr'>gliscit</span> <span class='ocrx_word' id='word_1_131' title='bbox 1305 2530 1512 2588; x_wconf 87' lang='lat' dir='ltr'>acrior.</span> 
     </span>
     <span class='ocr_line' id='line_1_26' title="bbox 223 2612 2046 2691; baseline 0.002 -21"><span class='ocrx_word' id='word_1_132' title='bbox 223 2612 357 2670; x_wconf 90' lang='lat' dir='ltr'>Nec</span> <span class='ocrx_word' id='word_1_133' title='bbox 389 2614 744 2691; x_wconf 88' lang='lat' dir='ltr'>dignitatem</span> <span class='ocrx_word' id='word_1_134' title='bbox 785 2615 1046 2672; x_wconf 84' lang='lat' dir='ltr'>frontem</span> <span class='ocrx_word' id='word_1_135' title='bbox 1093 2616 1292 2672; x_wconf 87' lang='lat' dir='ltr'>ferrea</span> <span class='ocrx_word' id='word_1_136' title='bbox 1328 2614 1522 2690; x_wconf 88' lang='lat' dir='ltr'>pudor</span> <span class='ocrx_word' id='word_1_137' title='bbox 1755 2614 2046 2691; x_wconf 54' lang='lat' dir='ltr'>[fronton</span> 
     </span>
     <span class='ocr_line' id='line_1_27' title="bbox 189 2698 1574 2777; baseline -0.001 -21"><span class='ocrx_word' id='word_1_138' title='bbox 189 2699 575 2774; x_wconf 56' lang='lat' dir='ltr'>,Expressus</span> <span class='ocrx_word' id='word_1_139' title='bbox 620 2708 826 2777; x_wconf 86' lang='lat' dir='ltr'>auget:</span> <span class='ocrx_word' id='word_1_140' title='bbox 874 2700 1206 2758; x_wconf 85' lang='lat' dir='ltr'>claritatem</span> <span class='ocrx_word' id='word_1_141' title='bbox 1253 2719 1365 2757; x_wconf 90' lang='lat' dir='ltr'>nec</span> <span class='ocrx_word' id='word_1_142' title='bbox 1407 2698 1574 2757; x_wconf 84' lang='lat' dir='ltr'>dabit</span> 
     </span>
     <span class='ocr_line' id='line_1_28' title="bbox 219 2783 1326 2860; baseline 0.002 -18"><span class='ocrx_word' id='word_1_143' title='bbox 219 2783 482 2842; x_wconf 84' lang='lat' dir='ltr'>Extorta</span> <span class='ocrx_word' id='word_1_144' title='bbox 527 2784 673 2843; x_wconf 85' lang='lat' dir='ltr'>rixis</span> <span class='ocrx_word' id='word_1_145' title='bbox 722 2785 962 2843; x_wconf 88' lang='lat' dir='ltr'>veritas.</span> <span class='ocrx_word' id='word_1_146' title='bbox 1004 2786 1076 2842; x_wconf 90' lang='lat' dir='ltr'>In</span> <span class='ocrx_word' id='word_1_147' title='bbox 1115 2785 1326 2860; x_wconf 84' lang='lat' dir='ltr'>iurgiis</span> 
     </span>
     <span class='ocr_line' id='line_1_29' title="bbox 219 2862 1628 2944; baseline 0.001 -20"><span class='ocrx_word' id='word_1_148' title='bbox 219 2862 464 2927; x_wconf 74' lang='lat' dir='ltr'>‘vicisse</span> <span class='ocrx_word' id='word_1_149' title='bbox 499 2868 679 2940; x_wconf 73' lang='lat' dir='ltr'>nolle,</span> <span class='ocrx_word' id='word_1_150' title='bbox 730 2889 912 2944; x_wconf 88' lang='lat' dir='ltr'>quum</span> <span class='ocrx_word' id='word_1_151' title='bbox 957 2888 1166 2944; x_wconf 77' lang='lat' dir='ltr'>queas,</span> <span class='ocrx_word' id='word_1_152' title='bbox 1216 2869 1474 2928; x_wconf 84' lang='lat' dir='ltr'>victoria</span> <span class='ocrx_word' id='word_1_153' title='bbox 1517 2876 1628 2925; x_wconf 86' lang='lat' dir='ltr'>est.</span> 
     </span>
    </p>
   </div>
   <div class='ocr_carea' id='block_1_6' title="bbox 213 3036 1696 3617">
    <p class='ocr_par' dir='ltr' id='par_1_9' title="bbox 213 3036 1696 3542">
     <span class='ocr_line' id='line_1_30' title="bbox 226 3036 1696 3114; baseline -0.001 -20"><span class='ocrx_word' id='word_1_154' title='bbox 226 3036 324 3095; x_wconf 86' lang='lat'>19.</span> <span class='ocrx_word' id='word_1_155' title='bbox 412 3037 550 3095; x_wconf 89' lang='lat' dir='ltr'>Non</span> <span class='ocrx_word' id='word_1_156' title='bbox 595 3047 655 3097; x_wconf 90' lang='lat' dir='ltr'>te</span> <span class='ocrx_word' id='word_1_157' title='bbox 696 3048 969 3098; x_wconf 86' lang='lat' dir='ltr'>vetamus</span> <span class='ocrx_word' id='word_1_158' title='bbox 1014 3040 1282 3097; x_wconf 88' lang='lat' dir='ltr'>omnium</span> <span class='ocrx_word' id='word_1_159' title='bbox 1327 3058 1437 3114; x_wconf 89' lang='lat' dir='ltr'>per</span> <span class='ocrx_word' id='word_1_160' title='bbox 1483 3036 1696 3094; x_wconf 89' lang='lat' dir='ltr'>artium</span> 
     </span>
     <span class='ocr_line' id='line_1_31' title="bbox 218 3121 1615 3202; baseline 0 -21"><span class='ocrx_word' id='word_1_161' title='bbox 218 3121 492 3198; x_wconf 87' lang='lat' dir='ltr'>Campos</span> <span class='ocrx_word' id='word_1_162' title='bbox 538 3126 768 3202; x_wconf 76' lang='lat' dir='ltr'>vagari,</span> <span class='ocrx_word' id='word_1_163' title='bbox 813 3132 1107 3200; x_wconf 87' lang='lat' dir='ltr'>quatenus</span> <span class='ocrx_word' id='word_1_164' title='bbox 1151 3131 1411 3181; x_wconf 87' lang='lat' dir='ltr'>mentem</span> <span class='ocrx_word' id='word_1_165' title='bbox 1452 3130 1615 3183; x_wconf 87' lang='lat' dir='ltr'>tuam</span> 
     </span>
     <span class='ocr_line' id='line_1_32' title="bbox 215 3208 1564 3287; baseline -0.002 -21"><span class='ocrx_word' id='word_1_166' title='bbox 215 3208 314 3266; x_wconf 82' lang='lat' dir='ltr'>Ad</span> <span class='ocrx_word' id='word_1_167' title='bbox 356 3208 617 3266; x_wconf 86' lang='lat' dir='ltr'>clariora</span> <span class='ocrx_word' id='word_1_168' title='bbox 656 3217 1043 3287; x_wconf 85' lang='lat' dir='ltr'>praeparant,</span> <span class='ocrx_word' id='word_1_169' title='bbox 1086 3228 1205 3265; x_wconf 90' lang='lat' dir='ltr'>non</span> <span class='ocrx_word' id='word_1_170' title='bbox 1253 3214 1564 3283; x_wconf 79' lang='lat' dir='ltr'>occupant.</span> 
     </span>
     <span class='ocr_line' id='line_1_33' title="bbox 213 3292 1335 3371; baseline -0.002 -20"><span class='ocrx_word' id='word_1_171' title='bbox 213 3292 362 3351; x_wconf 81' lang='lat' dir='ltr'>Una</span> <span class='ocrx_word' id='word_1_172' title='bbox 406 3296 762 3371; x_wconf 89' lang='lat' dir='ltr'>aucupanda</span> <span class='ocrx_word' id='word_1_173' title='bbox 804 3296 883 3354; x_wconf 87' lang='lat' dir='ltr'>sit</span> <span class='ocrx_word' id='word_1_174' title='bbox 926 3294 1035 3354; x_wconf 92' lang='lat' dir='ltr'>tibi</span> <span class='ocrx_word' id='word_1_175' title='bbox 1079 3293 1335 3352; x_wconf 83' lang='lat' dir='ltr'>scientia</span> 
     </span>
     <span class='ocr_line' id='line_1_34' title="bbox 214 3377 1347 3458; baseline 0 -25"><span class='ocrx_word' id='word_1_176' title='bbox 214 3377 401 3434; x_wconf 85' lang='lat' dir='ltr'>Vitae</span> <span class='ocrx_word' id='word_1_177' title='bbox 442 3381 751 3458; x_wconf 78' lang='lat' dir='ltr'>magistra,</span> <span class='ocrx_word' id='word_1_178' title='bbox 800 3379 1068 3438; x_wconf 81' lang='lat' dir='ltr'>veritatis</span> <span class='ocrx_word' id='word_1_179' title='bbox 1116 3377 1347 3454; x_wconf 75' lang='lat' dir='ltr'>regula,</span> 
     </span>
     <span class='ocr_line' id='line_1_35' title="bbox 215 3460 1578 3542; baseline -0.002 -21"><span class='ocrx_word' id='word_1_180' title='bbox 215 3460 394 3534; x_wconf 82' lang='lat' dir='ltr'>Quae</span> <span class='ocrx_word' id='word_1_181' title='bbox 435 3465 609 3542; x_wconf 87' lang='lat' dir='ltr'>fingit</span> <span class='ocrx_word' id='word_1_182' title='bbox 649 3466 880 3524; x_wconf 87' lang='lat' dir='ltr'>animos</span> <span class='ocrx_word' id='word_1_183' title='bbox 926 3463 1181 3522; x_wconf 86' lang='lat' dir='ltr'>cultibus</span> <span class='ocrx_word' id='word_1_184' title='bbox 1226 3461 1578 3538; x_wconf 87' lang='lat' dir='ltr'>sapientiae.</span> 
     </span>
    </p>

    <p class='ocr_par' dir='ltr' id='par_1_10' title="bbox 1555 3558 1645 3617">
     <span class='ocr_line' id='line_1_36' title="bbox 1555 3558 1645 3617; baseline 0 -30"><span class='ocrx_word' id='word_1_185' title='bbox 1555 3562 1594 3617; x_wconf 78' lang='grc'>8</span> <span class='ocrx_word' id='word_1_186' title='bbox 1615 3558 1645 3587; x_wconf 70' lang='lat'>⁸}</span> 
     </span>
    </p>
   </div>
  </div>
 </body>
</html>
