2452 4186
1271 283 1397 344 218

508 450 846 514 ἐπακτίοισι
889 448 957 513 δ’
1004 447 1082 512 οὔ
1122 449 1263 513 ποτ’
1312 450 1581 534 ἐξιτήρια

502 536 737 600 θεοῖσιν
779 534 1004 620 ηὔξαθ’
1048 536 1135 606 ὥς
1185 534 1296 599 ἀπ’
1345 535 1376 597 ἐ
1460 536 1610 617 άτης
1650 534 1802 601 ἁλὸς

508 621 730 706 ἀφῖκτο
770 621 953 705 τήνδε
996 619 1235 702 λιμνίαν
1277 620 1341 689 ἐς
1374 619 1417 703 ἡ
1461 641 1557 682 να.

504 705 580 768 τὰ
627 706 737 788 μὲν
773 704 1070 788 πάροιθε·
1116 708 1220 767 νῦν
1273 705 1344 768 δὲ
1389 703 1659 787 νηνέμου
1703 700 1904 785 γέρων

507 792 748 874 σχολῆς
774 788 1103 874 τέτευχε[.]
1149 789 1248 851 σοὶ
1294 788 1551 854 δὲ-κεῖτ’
1601 784 1924 869 ἀνειμένος

509 874 655 943 Διός
697 897 764 937 τε
813 879 1022 958 κοῦρε,
1070 873 1172 937 καὶ
1220 872 1566 958 Διοσκόρου
1609 873 1793 935 κάσι.·

420 1046 734 1118 Eiusdem,
762 1052 826 1103 ut
848 1052 1112 1121 putatur,
1136 1046 1336 1104 lambi
1354 1045 1527 1123 puris
1550 1061 1802 1119 quorum
1819 1041 2085 1115 initium,
2114 1043 2243 1119 Eyo

426 1135 581 1202 haec,
627 1150 728 1208 eqo
778 1139 904 1188 arte
933 1132 1244 1206 fabricata
1268 1134 1508 1201 rustica,
1534 1128 1783 1186 totidem
1805 1127 2039 1187 lambis
2064 1127 2241 1204 puris.

514 1213 637 1293 ἐγὼ
684 1210 961 1296 τέχνημα
1005 1212 1498 1296 φαυλοτέκτονος
1534 1212 1743 1294 χερὸς,

407 1353 412 1368 ,
512 1297 635 1377 ἐγὼ
663 1290 768 1358 ”δε
810 1297 1021 1379 φιτρὸς
1068 1297 1325 1379 ἀζαλὴς,
1375 1292 1689 1376 ὁδοιπόρε,

483 1380 649 1444 dant>
687 1382 756 1443 τὸ
803 1381 1015 1462 γήδιον
1052 1382 1187 1445 τόδ’
1239 1380 1301 1450 ἐξ
1341 1381 1684 1464 ἀριστερᾶς,
1726 1431 1733 1436 .

514 1464 768 1528 ἔπαυλιν
809 1465 1051 1549 ἀνδρὸς,
1092 1465 1358 1551 ὄρχατον
1399 1463 1456 1526 τ’
1507 1464 1822 1528 ἐπισκοπῶ

509 1550 791 1631 πένητος,
836 1549 905 1612 ἐκ
950 1551 1020 1614 δὲ
1070 1553 1283 1635 φωρὸς
1322 1548 1601 1632 ἁρπαγὰς
1638 1546 1867 1630 τρέπω.

514 1634 656 1717 ἐμοὶ
700 1635 810 1717 μὲν
850 1634 890 1717 ἧ
938 1657 969 1718 ρ
1016 1634 1242 1719 ἄρηρεν
1284 1634 1555 1715 ἄνθεμος
1591 1630 1844 1708 πλόκος,

515 1718 655 1802 ἐμοὶ
696 1719 766 1781 δὲ
810 1718 1235 1802 πυρσόφλοιος
1275 1718 1548 1803 ἄσταχυς
1594 1716 1790 1800 θέρει,

512 1804 804 1888 ὀπωρινῷ
841 1826 907 1866 τε
947 1806 1137 1888 λαρὸς
1180 1803 1466 1888 ἀμπέλου
1507 1801 1747 1887 βότρυς,

509 1892 685 1973 κακῷ
727 1910 795 1998 τε
841 1888 1095 1972 χείματ’
1137 1891 1309 1972 ὠμὸν
1356 1887 1641 1992 ὄμφακος
1683 1883 1929 1970 στέφος.

508 1995 757 2122 {2555}
793 1972 1667 2141 {⁹J‡{}”0=2<³²333{÷3⁰52³ss{2⁰{3‘
1704 2053 1902 2139 φέρει.

516 2142 682 2225 ἐμῶν
735 2141 844 2204 ἄπ’
897 2145 1089 2227 ἀμνὸς
1135 2143 1409 2226 εὐθαλὴς
1447 2141 1770 2204 ἐπαύλεων

513 2227 782 2310 δόμονδε
825 2227 1310 2314 βριθυκέρματον
1354 2225 1493 2313 χέρ’
1539 2227 1791 2308 εἰσάγει.

512 2311 754 2396 τέρεινα
795 2314 1005 2397 πόρτις
1044 2311 1471 2397 αἰνομήτορος
1499 2312 1648 2395 βοὸς
1743 2365 1747 2369 ,

510 2396 647 2481 χέει
683 2395 954 2479 πρόναος
1000 2398 1464 2482 αἱματοσφαγὲς
1508 2396 1681 2480 λίβος

512 2481 733 2544 θεοῖσι.
784 2476 981 2544 Τόνδε
1024 2483 1127 2545 τὸν
1173 2483 1321 2546 θεὸν
1372 2481 1557 2566 σέβου
1590 2480 1768 2557 ξένε,

510 2565 704 2713 χέρας
750 2566 820 2628 δὲ
861 2568 1055 2650 χωρὶς
1097 2566 1255 2652 ἴσχε.
1306 2567 1399 2630 σοὶ
1443 2565 1571 2628 τόδ’
1626 2564 1927 2650 ἀσφαλές.

549 2672 760 2732 τοιμος
800 2651 1181 2734 ἀσκέπαρνον
1231 2651 1397 2714 αἰκία
1439 2649 1609 2719 πέος.

511 2734 735 2816 λέγοις,
782 2734 1024 2819 θέλοιμ’
1075 2736 1169 2800 ἂν.
1215 2735 1364 2799 ἀλλ’
1415 2735 1548 2798 ἰδοὺ
1597 2733 2018 2819 προσέρχεται

513 2819 800 2902 ἀγροῖκος
834 2818 1031 2889 οὗτος.
1076 2821 1188 2902 αἵγ’
1237 2821 1597 2887 ἀποσπαδὲς
1646 2819 1791 2882 τόδε

512 2903 664 2973 πέος
705 2907 976 2969 τυλωτὸν
1028 2906 1218 2968 ὅπλον
1263 2904 1570 2989 ἐμπρέπει
1607 2904 1765 2989 χερί.

550 3078 732 3137 Decii
773 3077 1023 3137 Laberii
1068 3077 1476 3151 Prooemium,
1523 3078 1688 3154 apud
1728 3077 2129 3137 Mam-obium.

515 3157 756 3245 ὅρμημ’
804 3159 1090 3242 ἀνάγκης,
1126 3160 1202 3243 ἧς
1242 3159 1478 3245 δρόμου
1518 3158 2030 3244 πλαγίουφορὰν

510 3247 767 3312 πολλοῖς
812 3244 920 3326 μὲν
963 3244 1175 3309 εὐκτὸν
1222 3244 1531 3329 ἐκφυγεῖν,
1570 3243 1829 3328 παύροις
1873 3245 1940 3306 δ’
1980 3241 2105 3307 ἔνι·
2140 3300 2147 3305 .

511 3333 603 3411 πῇ
649 3328 712 3413 μ’
761 3326 1023 3398 ἐξέωσεν
1071 3329 1140 3392 ἐκ
1187 3334 1428 3413 φρενῶν
1474 3327 1678 3413 ἄκρων
1716 3327 1982 3414 σχεδόνς

514 3410 581 3476 ὃν
628 3412 771 3476 οὔτε
816 3418 1012 3496 τιμῆς,
1059 3412 1201 3476 οὔτε
1240 3414 1575 3499 χρημάτων
1624 3412 1805 3496 ἔρως,

514 3496 588 3561 οὐ
627 3499 873 3583 τάρβος,
917 3497 989 3560 οὔ
1040 3499 1142 3583 βία
1180 3521 1288 3579 τις,
1332 3497 1406 3561 οὔ
1446 3519 1534 3566 τις
1573 3498 1713 3568 ἀξία
