2452 4186
1198 298 1324 357 320

220 471 356 525 1010
375 464 521 527 Sine
566 473 626 524 te
677 466 972 542 recipiet?
1016 468 1292 544 quippini
1338 469 1439 543 qui
1482 469 1581 527 vel
1629 487 1824 544 neque

369 552 439 609 In
487 570 552 608 re
600 552 866 609 secunda
902 553 1118 629 gaudio
1165 554 1555 612 diffundi-tur?

373 635 628 695 Cuinam
670 636 776 693 ille
821 637 980 694 dicto
1025 647 1257 714 parcet,
1304 649 1407 697 aut
1452 637 1776 697 convicio?

371 724 471 779 Me
519 722 808 797 spurium,
845 730 908 779 et
950 723 1086 796 ipsa
1127 723 1346 782 bellica
1390 724 1615 800 praeda
1667 733 1894 782 satum·

370 807 706 884 Ignaviane
752 801 993 879 mentis,
1036 827 1114 865 an
1157 818 1339 882 metu,
1385 829 1464 867 an
1508 808 1650 868 dolo

220 897 352 951 1015
373 892 463 951 Te
506 892 874 968 prodidisse,
919 892 1108 951 frater
1149 895 1331 967 Aiax,
1382 904 1445 952 ut
1488 903 1623 952 tuas

369 977 632 1049 Domos,
667 985 726 1033 et
760 997 995 1035 omnem
1040 978 1415 1056 possiderem
1462 980 1828 1037 habentium.

374 1061 555 1119 Talia
599 1081 847 1121 severus
895 1082 1206 1139 perperam
1257 1065 1595 1139 profabitur

370 1150 571 1223 Asper
615 1156 883 1219 senecta,
931 1148 1144 1226 iurgiis
1198 1157 1377 1207 atrox
1421 1151 1618 1208 hom0.

373 1231 520 1291 Solo
561 1241 814 1308 paterno
855 1232 1215 1292 eliminabor
1253 1234 1520 1308 denique

221 1326 354 1380 1020
374 1316 668 1378 Sermone
709 1319 900 1395 patris
947 1337 1184 1391 servus,
1230 1327 1290 1375 et
1331 1319 1487 1377 liber
1530 1327 1748 1375 tamen.

369 1404 450 1460 Et
492 1404 642 1461 haec
682 1404 920 1479 quidem
968 1405 1142 1462 domi.
1191 1412 1288 1463 ast
1332 1424 1427 1461 me
1468 1404 1529 1460 in
1573 1404 1734 1461 arvis
1783 1401 2032 1460 Troicis

375 1488 578 1547 Odere
628 1488 818 1556 multi,
857 1490 965 1546 sed
1002 1491 1211 1549 favent
1254 1489 1622 1564 paucissimi.

371 1574 738 1648 Isthuncque
776 1574 1028 1631 fructum
1076 1583 1270 1633 morte
1312 1575 1583 1650 percipio
1633 1581 1751 1630 tua.

372 1658 557 1715 Perii.
600 1658 743 1732 quid
787 1660 975 1735 ergo?
1015 1660 1320 1734 quomodo
1365 1669 1446 1733 te,
1489 1661 1755 1733 inquam,
1796 1675 2016 1714 exuam

219 1751 354 1805 1025
372 1742 721 1801 Dirissumo
764 1744 964 1802 isthoc
1007 1745 1199 1803 ense?
1245 1746 1355 1802 sub
1402 1745 1566 1820 quali
1604 1745 1722 1800 heu
1767 1743 1877 1801 tibi

374 1827 688 1885 Carnufice
733 1829 856 1885 vita
896 1829 1116 1905 periit?
1160 1830 1393 1887 Hector
1437 1827 1719 1905 denique,

371 1912 506 1970 Nec
543 1933 620 1970 ne
667 1913 928 1985 sciebas,
975 1923 1035 1971 te
1078 1915 1334 1989 peremit
1384 1924 1666 1972 mortuus.

370 1998 587 2055 Videte
634 2016 812 2056 casus
857 2004 971 2072 per'
998 1999 1171 2057 Deos
1221 2000 1401 2058 duum
1453 1999 1664 2056 viram.

370 2082 512 2153 1110,
559 2082 720 2158 quod
760 2077 922 2140 Aiax
968 2093 1350 2156 munerarat,
1385 2084 1590 2143 balteo

221 2178 355 2231 1030
377 2167 689 2226 Traiectos
737 2167 962 2225 Hector
1005 2188 1037 2226 e
1082 2169 1388 2228 curulibus
1431 2171 1606 2243 rotis,

370 2252 671 2328 Raptatus
716 2272 912 2329 usque
954 2262 1049 2313 est
1088 2255 1366 2313 donicum
1418 2257 1875 2330 exspirasceret.

373 2336 602 2397 Contra
641 2339 758 2396 iste
803 2339 1048 2414 capiens
1090 2358 1307 2398 munus
1357 2341 1522 2398 illius
1572 2360 1773 2416 manu,

373 2424 654 2480 Incubuit
699 2423 809 2496 illi,
859 2434 1049 2483 morte
1090 2445 1378 2500 pessuma
1422 2426 1665 2485 cadens.

370 2510 610 2580 Mirum,
652 2509 714 2565 ni
757 2518 1071 2586 utrumque
1110 2530 1351 2582 munus,
1395 2529 1597 2568 ensem
1644 2512 1802 2570 hunc
1847 2516 2084 2576 scilicet

222 2599 351 2654 1035
371 2594 576 2666 Furia,
618 2601 678 2649 et
719 2592 780 2648 id
829 2594 1024 2652 Orcus
1068 2596 1377 2652 fabricarit
1417 2596 1698 2654 balteum.

370 2678 504 2755 Ego
550 2696 774 2735 censeo
820 2679 958 2740 ista.
1020 2688 1079 2737 et
1116 2681 1266 2737 talia
1305 2681 1590 2756 pleraque
1636 2683 1838 2740 omnia

370 2763 543 2822 Deos
591 2781 906 2838 supremos
945 2765 1009 2822 in
1055 2765 1333 2824 homines
1378 2767 1663 2824 molirier.

371 2848 639 2906 Diversa
682 2849 790 2906 sed
837 2850 938 2923 qui
982 2851 1185 2923 sentit,
1239 2859 1341 2907 aut
1385 2851 1507 2907 alia
1551 2852 1773 2923 omnia,

373 2931 690 2994 Sententia
735 2952 847 2990 sua
892 2943 1010 2992 stet-
1050 2936 1178 3007 ille,
1226 2955 1340 3012 ego
1384 2955 1537 2994 mea.

222 3017 484 3081 1040011.
574 3019 928 3078 Orationem
969 3021 1317 3094 comprime,
1379 3028 1557 3096 atque
1601 3030 1665 3078 ut
1707 3021 1865 3082 hunc
1909 3026 2104 3084 virum

369 3104 624 3163 Mandes
671 3104 1016 3179 sepulchro,
1068 3106 1286 3179 quidve
1331 3106 1519 3178 dicas,
1564 3100 1831 3182 provide.

370 3189 563 3246 Adest
602 3202 813 3266 parum
857 3191 947 3247 vir
983 3209 1244 3265 aequu83
1295 3199 1356 3248 et
1396 3191 1555 3250 forte
1595 3193 1858 3264 advenit,

368 3272 600 3349 Utpote
630 3275 959 3352 malignus,
1013 3285 1228 3334 nostra
1264 3285 1329 3333 ut
1364 3277 1617 3335 insultet
1653 3277 1829 3334 mala.

373 3357 523 3415 Teu.
574 3359 728 3434 Quis
772 3367 885 3433 est,
927 3362 1002 3418 ab
1039 3362 1174 3436 ipso
1217 3380 1391 3436 quem
1443 3362 1615 3420 vides
1658 3361 1968 3419 exercitu?

223 3455 355 3509 1045
376 3442 485 3502 Ch.
573 3445 920 3504 Menelaus:
960 3446 1036 3518 is,
1082 3446 1176 3503 cui
1223 3445 1441 3505 classis
1485 3448 1607 3504 ista
1642 3445 1871 3503 militat.

374 3529 523 3587 Teu.
573 3529 807 3589 Video:
856 3531 1228 3607 propinquus
1271 3550 1404 3589 cum
1444 3531 1543 3606 sit,
1589 3532 1838 3610 agnosci
1877 3538 2132 3605 potest..
