2452 4186
1277 313 1357 371 86

399 484 762 543 Perdiderat
796 481 916 537 iam
964 499 1107 538 cura
1149 488 1394 538 metum.
1442 482 1616 555 quasi
1659 483 1938 557 nuspiam
1986 484 2248 542 haberet

399 570 474 627 In
519 568 700 628 nobis
747 585 908 624 nova
951 566 1131 643 plaga
1171 566 1397 637 locum,
1450 585 1660 624 secura
1703 570 1981 644 gemebat

401 652 908 725 Anxietas,'dum
952 669 1123 709 mens
1179 652 1447 725 requiem
1492 652 1611 709 sibi
1652 653 1896 710 credula
1930 654 2124 731 fingit,

402 738 812 812 Solamenque
850 737 1015 809 mali,
1062 744 1260 794 certos
1302 736 1590 795 habuisse
1632 737 1902 810 dolores,

400 824 534 883 Nec
574 840 818 900 sperare
864 839 1082 893 novos,
1125 822 1321 879 donec
1363 821 1458 879 vis
1497 821 1702 879 invida
1746 823 1855 880 fati

402 909 694 969 Curarum
737 909 923 965 finem
963 925 1104 964 cura
1144 906 1297 963 mihi
1332 906 1476 963 fecit
1511 907 1578 965 in
1622 926 1762 980 una,

402 996 602 1071 Quum
646 995 869 1051 lectum
907 992 1208 1064 iuvenem,
1252 991 1499 1050 vixdum
1541 993 1907 1067 pubentibus
1951 994 2130 1050 anni-s

401 1082 571 1140 Mors
618 1077 836 1153 rapuit,
882 1097 1005 1135 non
1048 1076 1156 1134 illa
1209 1077 1393 1135 decus
1436 1077 1824 1136 lacrimabilis
1870 1078 2023 1150 aevi,

401 1164 537 1223 Nec
579 1165 773 1223 cultae
819 1162 1041 1220 studiis
1085 1163 1350 1239 speciem
1396 1163 1682 1221 miserata
1722 1163 2020 1221 iuventae.

403 1251 458 1310 O
507 1268 650 1325 spes
695 1246 1075 1323 praecipites,
1121 1269 1157 1307 o
1195 1247 1425 1305 lubrica
1467 1255 1610 1305 vota
1650 1254 1983 1322 parentum,

403 1336 581 1410 Quos
625 1332 895 1391 tirocinii
936 1351 1045 1407 pro
1087 1333 1255 1390 mille
1297 1332 1611 1391 laboribus
1660 1333 1916 1404 haustiS,

403 1419 570 1480 Olim
616 1418 783 1476 mille
825 1425 1070 1476 manent
1106 1419 1393 1477 orborum
1440 1418 1703 1493 praemia
1745 1417 1964 1475 luctus.

320 1575 325 1581 ε
400 1506 550 1564 Flos
597 1505 910 1574 Iuvenum,
956 1522 1109 1577 quae
1159 1522 1298 1562 sors
1341 1503 1619 1561 humanis
1661 1503 1843 1561 rebus
1890 1502 2097 1577 iniqua

402 1590 493 1647 Te
536 1589 716 1647 nobis
747 1589 923 1662 rapit,
971 1595 1032 1644 et
1072 1596 1304 1645 tantum
1349 1589 1532 1646 decus
1573 1587 1801 1646 invidet
1844 1589 2022 1646 orbi?

403 1675 600 1750 Quem
645 1673 766 1730 iam
809 1671 1055 1731 sublimi
1097 1670 1407 1746 Sapientia
1452 1672 1596 1731 sede
1642 1672 1873 1729 locarat

396 1759 837 1836 Praegressum
873 1757 1028 1813 fines
1070 1776 1295 1828 rerum,
1337 1765 1646 1831 metasque
1691 1764 2019 1830 tenentem,

400 1845 571 1919 Quas
607 1844 784 1918 pauci
817 1850 1068 1899 tenuere
1114 1861 1316 1901 senes.
1362 1843 1464 1917 qui
1506 1842 1717 1899 limina
1761 1843 1955 1900 victor

400 1929 609 1989 Ardua
651 1927 758 1986 vix
805 1927 914 1985 ulli
956 1927 1116 1986 votis
1162 1927 1440 1984 adeunda
1481 1927 1749 2002 priorum

403 2013 785 2090 Contigeras,
823 2012 964 2070 inde
1004 2012 1327 2087 incipiens,
1375 2032 1494 2087 quo
1536 2013 1731 2071 serior
1774 2019 1941 2070 aetas

399 2099 674 2159 Desinit:
716 2098 859 2155 inde
903 2097 1051 2173 vigil
1087 2099 1362 2156 discendi
1404 2098 1658 2156 exordia
1700 2098 1893 2173 prima

400 2185 762 2254 InstituenS,
800 2183 904 2240 ubi
945 2183 1085 2241 finis
1133 2191 1280 2241 erat.
1327 2183 1556 2241 Verum
1597 2184 1777 2259 ignea
1822 2201 2062 2257 semper

400 2269 513 2327 Vis
558 2268 746 2326 animi
783 2268 1115 2341 hospitium
1158 2269 1387 2326 terreni
1424 2269 1697 2343 corporis
1742 2268 1889 2339 odit,

404 2358 833 2432 Angustasque
885 2371 1089 2411 moras
1132 2353 1323 2411 virtus
1371 2354 1632 2428 perfecta
1670 2361 1965 2430 gravatur.

401 2439 583 2515 Quod
609 2456 908 2498 summum
927 2445 1041 2510 est,
1064 2439 1128 2495 in
1155 2439 1467 2513 praecipiti
1495 2446 1736 2509 est,nec
1761 2446 2033 2514 tempore
2050 2440 2243 2498 finem

401 2527 759 2600 Exspectat,
807 2524 1002 2598 primo
1045 2525 1208 2598 quod
1255 2525 1375 2581 iam
1420 2525 1706 2581 maturuit
1751 2542 1923 2581 aevo.

397 2610 524 2668 Vix
571 2608 684 2667 tibi
728 2608 921 2683 prima
967 2627 1155 2685 genas
1196 2610 1510 2667 umbrabat
1552 2608 1702 2666 flore
1747 2608 2011 2680 iuventa,

400 2693 708 2768 Sextaque
750 2713 1093 2768 supremum
1132 2694 1448 2751 claudebat
1493 2693 1811 2768 Olympias
1858 2710 2106 2764 annum,

398 2779 622 2853 Quum,
666 2777 832 2834 velut
871 2778 948 2836 ad
991 2771 1252 2854 primos?
1277 2779 1564 2854 expirans
1611 2779 1796 2835 herba
1841 2778 2101 2850 caloreS,

395 2862 651 2934 Deficis,
698 2870 757 2919 et
800 2863 1033 2920 caelum
1079 2872 1514 2938 praeceptaque
1554 2864 1752 2922 sidera
1794 2871 1999 2920 mente

394 2948 682 3007 Festinus
724 2948 973 3022 repetis,
1015 2950 1220 3006 turbas
1270 2956 1553 3007 assuetus
1597 2950 1671 3005 ab
1717 2948 1839 3006 alto

396 3032 730 3109 Despicere
766 3033 1082 3105 humanas,
1131 3032 1336 3108 proles
1382 3053 1512 3092 non
1545 3052 1701 3091 vana
1741 3032 2009 3107 parentis

395 3117 770 3189 Dousiadae,
815 3118 920 3192 qui
965 3118 1018 3176 si
1062 3118 1289 3193 proprii
1332 3118 1674 3194 splendoris
1724 3126 1952 3195 egeret,

398 3202 799 3280 Splendorem
846 3204 1040 3278 potuit
1083 3204 1208 3261 nati
1253 3204 1472 3262 virtute
1515 3203 1751 3260 mereri.
1805 3215 1808 3220 ·

394 3291 487 3349 Ac
533 3289 807 3364 quamvis
848 3290 1074 3364 patriae
1116 3290 1371 3361 meritis,
1408 3288 1767 3365 generisque
1803 3288 2001 3346 nitore

398 3372 614 3433 Clarus
662 3392 826 3431 eras:
877 3382 1074 3432 tamen
1124 3374 1433 3451 ingenium
1480 3373 1880 3448 superemicat
1923 3391 2107 3430 omne

394 3459 643 3517 Altricis
687 3467 883 3516 terrae
927 3460 1230 3530 meritum,
1271 3477 1463 3536 genus
1513 3477 1694 3516 omne
1729 3465 2052 3516 vetustum.

394 3543 530 3602 Nec
569 3544 798 3620 patriae
844 3544 1124 3619 stirpisve
1168 3545 1360 3619 premi
1408 3543 1698 3621 gravitate
1741 3543 1985 3602 sinebas
