2452 4186
1269 293 1397 356 240

413 457 497 524 ‘H
541 458 730 543 ζημία
774 457 1045 542 πέφυκεν
1088 455 1158 521 ἐκ
1203 458 1578 543 περιουσίας.

416 540 693 629 Ἐχθροῦ
739 547 1048 628 φρονῆσαι
1091 545 1348 625 μᾶλλον,
1391 543 1430 627 ἢ
1484 545 1695 607 λαλεῖν
1737 543 1900 629 πέρι.

412 625 665 697 Ἀθῶός
708 628 855 704 ἐστι,
890 626 1131 711 χρηστὰ
1165 628 1520 774 βουλεύειν,
1561 628 1756 714 τριβή,

420 710 758 777 Βουλευτέ’
806 712 933 774 ἐστὶ
973 712 1085 794 δὴν
1129 735 1162 773 τ
1247 711 1406 781 ἅπαξ
1451 712 1756 799 κυρωτέα.

403 793 618 866 τὈσϊις
654 795 921 859 πέποιθε
965 801 1045 879 τῇ
1083 796 1309 879 πλάνῃ,
1354 820 1574 883 παραφ
1618 803 1766 862 ονεῖ.

420 878 912 986 Καταφρόνησον
956 884 1185 963 κτῆσιν,
1232 882 1318 943 ὧν
1367 882 1533 945 ὀλεῖν
1579 821 1753 965 δύνῃ.

421 964 598 1030 Πόλλ
663 965 907 1047 ὑστερεῖ
941 963 1176 1047 πένητι,
1216 970 1336 1029 πᾶν
1383 967 1760 1051 φιλαργόριρ.

422 1051 638 1114 Δεινὸν
684 1050 752 1112 τὸ
795 1049 959 1132 θῆλυ
1006 1050 1529 1132 δακρυοπλαστεῖν
1571 1049 1777 1132 γόους.

420 1132 670 1220 Χρόνου
715 1135 776 1216 γ’
828 1134 1095 1196 ὕποπτον
1139 1134 1364 1218 δῶρον.
1409 1136 1670 1219 ἁρπάζει
1713 1134 1893 1221 ταχό.

423 1219 765 1302 Δυσηκοεῖν
815 1220 914 1281 δεῖ
947 1219 1100 1323 πρὸς
1141 1217 1387 1303 τυχόντ’
1429 1219 1826 1303 ἐγκλήματα.

403 1299 491 1367 “Ο
541 1304 815 1388 φροῦδον
858 1304 1185 1386 ἠγνοηκας,
1223 1302 1337 1367 οὐκ
1383 1302 1677 1368 ἀπόλωλέ
1725 1327 1839 1370 σοι.

421 1385 744 1471 Μαθήτρι’
783 1387 942 1449 ἐστὶν
987 1388 1026 1469 ἠ
1063 1386 1313 1451 ’πιοῦσα
1352 1392 1458 1471 τῆς
1495 1393 1749 1471 προτοῦ.

415 1468 724 1556 Ὃμόνοια
764 1471 988 1555 μείζων
1035 1470 1103 1532 ἐκ
1146 1474 1537 1554 καταλλαγῆς
1577 1471 1718 1557 ἔφυ.

419 1553 581 1640 Νίκῃ
630 1557 850 1641 ταχείᾳ
891 1557 991 1618 δεῖ
1028 1562 1425 1639 παρασκευῆς
1468 1562 1722 1642 μακρᾶς.

424 1640 703 1704 Φθίνοιτ’
756 1638 826 1704 ἄν
871 1639 1058 1721 ἄλγος
1104 1641 1185 1723 μὴ
1237 1640 1514 1710 αὐξάνειν
1561 1639 1707 1727 ἔχον
1752 1641 1991 1725 πρόσω.

420 1723 636 1808 Βουλὴ
684 1727 1031 1809 στρατηγῶν
1076 1724 1234 1787 ἐστὶν
1283 1725 1533 1810 ἀνδρεία
1580 1732 1860 1810 στρατοῦ.

420 1807 847 1893 Εὖημεροῦσιν
890 1809 1119 1891 αἵρεσις
1159 1809 1430 1873 θανάτου
1477 1812 1658 1894 καλή.

425 1894 684 1976 Φεόγειν
731 1895 798 1957 τὸ
844 1892 1064 1978 κέρδος
1110 1894 1238 1957 ἐστὶ
1288 1896 1600 1980 βασιλείας
1639 1900 1901 1979 κρατεῖν.

418 1978 760 2061 Ἀνενδεὴς·
789 1978 866 2055 εἷ,
916 1977 1061 2041 ὅσον
1111 1977 1452 2042 ἐλαττόνων
1508 1979 1669 2064 ἐρᾷς.

408 2060 528 2132 ’Ὡς
572 2062 729 2126 ἐστιν
778 2062 1097 2147 ἐγγήραμα
1145 2064 1460 2149 δυστυχὲς,
1509 2063 1735 2150 φόβοςῑ

401 2146 525 2212 ι’ον
568 2149 747 2232 χάρις
787 2148 1058 2231 ἐλήφθη,
1100 2146 1271 2211 τόνδ’
1320 2149 1639 2233 ὀφείλεται
1677 2148 1921 2234 τρόπον.

415 2229 641 2316 Ὀργὴν
683 2233 966 2316 ἀφαιρεῖν
1018 2234 1085 2295 τὸ
1136 2231 1339 2317 βέλος,
1397 2233 1469 2296 οῦ
1513 2236 1750 2310 δοῦναι,
1794 2233 2038 2318 πρέπει.

423 2315 678 2401 Πέφυκε
722 2316 987 2401 ταχύτης
1027 2319 1130 2380 καὶ
1177 2319 1440 2403 βραδεῖα
1481 2323 1570 2403 τῷ
1612 2318 1814 2404 πόθῳ.

426 2400 709 2466 Θανάτου
742 2400 876 2463 ’σθ’
924 2403 1165 2486 ἑταῖρος
1209 2404 1438 2485 ἀκλεὴς
1479 2405 1610 2489 βίος
1651 2405 1872 2488 βροτῷ.

423 2484 675 2570 Μέρους
713 2485 999 2551 κακίστου
1043 2486 1274 2570 τέκμαρ
1320 2486 1510 2572 ὄχλος
1555 2487 1687 2549 ἐστ’
1727 2487 1842 2550 ἀεί.

422 2568 575 2637 Βίος
614 2571 814 2653 ἀθλίῳ
860 2572 1167 2652 μήκιστος,
1214 2571 1407 2656 ὀλβίῳ
1451 2572 1701 2657 βραχύς.

420 2652 679 2738 Ἀρετῆς
722 2654 1008 2738 ἀφορμὴν
1054 2658 1155 2718 καὶ
1185 2658 1252 2719 τὸ
1298 2656 1645 2741 δυστόχημ’
1687 2654 1838 2740 ἔχει.
1904 2698 1910 2704 -

425 2737 571 2806 Τοῖς
615 2738 854 2806 ἀθλίοις
893 2744 1037 2808 νοῦς
1081 2741 1327 2824 ὑστερεῖ
1361 2763 1429 2802 τε
1466 2741 1569 2803 καὶ
1614 2739 1774 2825 πέρι.

415 2821 499 2887 ‘H
542 2822 902 2907 καρτέρησίς
945 2823 1071 2886 ἐστι
1116 2825 1443 2908 δυστυχίας
1483 2827 1684 2909 λιμήν.
1802 2864 1805 2869 -

423 2905 549 2972 Καὶ
591 2911 716 2975 τοῖς
751 2907 1051 2973 ποθοῦσιν
1098 2908 1335 2991 ὠκύτης
1378 2910 1508 2972 ἐστὶ
1557 2909 1752 2996 τριβή.

413 2989 592 3077 Ἔχει
641 2992 749 3075 μὲν
800 2991 953 3055 ἰδίαν
995 2993 1097 3055 καὶ
1145 2992 1315 3055 σκιὰν
1359 2995 1405 3076 ἡ
1448 2993 1581 3076 θρὶξ
1633 2995 1759 3076 μία.

425 3077 672 3145 Δίκαιος
714 3076 983 3162 ἐχθροῖς,
1024 3078 1234 3145 πιστὸς
1274 3077 1335 3139 ἐν
1384 3080 1657 3164 βουλαῖς,
1701 3075 1896 3157 πέλει.

424 3159 565 3245 Κᾷκ
607 3165 726 3224 τῶν
769 3161 998 3224 ἀθώων
1044 3163 1273 3245 ψεῦδος
1311 3163 1598 3249 ἐκβάλλει
1635 3161 1840 3231 πόνος.

423 3243 547 3308 Καὶ
589 3247 1102 3329 πλημμελοῦντάς
1145 3246 1302 3310 ἐστιν
1350 3247 1625 3329 εὐορκεῖν
1672 3245 1869 3329 θέμις.

275 3404 286 3415 ι
414 3326 617 3395 Ἔστιν
665 3330 699 3392 ὅ
739 3353 805 3393 τε
853 3330 1014 3414 λήθη
1056 3332 1187 3415 χῶν
1233 3355 1348 3417 περ
1392 3331 1586 3408 οἶδας,
1632 3324 1887 3417 ὠφελεῖ.

410 3409 623 3499 (Ὕβριν
665 3436 735 3497 γε
783 3418 952 3497 μισεῖ
986 3415 1194 3500 χὸστις
1239 3417 1509 3503 ὑβρίζειν,
1550 3418 1737 3500 φιλεῖ.

426 3494 504 3560 Εἰ
544 3498 646 3561 καὶ
692 3498 958 3581 μέμυκεν
1005 3500 1204 3577 ἕλκος,
1252 3503 1291 3584 ἥ
1331 3500 1394 3584 γ’
1448 3500 1606 3584 ,οὐλὴ
1653 3502 1842 3584 μενεῖ.
