<?xml version="1.0" encoding="UTF-8"?>
<!DOCTYPE html PUBLIC "-//W3C//DTD XHTML 1.0 Transitional//EN"
    "http://www.w3.org/TR/xhtml1/DTD/xhtml1-transitional.dtd">
<html xmlns="http://www.w3.org/1999/xhtml" xml:lang="en" lang="en">
 <head>
  <title>
</title>
<meta http-equiv="Content-Type" content="text/html;charset=utf-8" />
  <meta name='ocr-system' content='tesseract 3.04.00' />
  <meta name='ocr-capabilities' content='ocr_page ocr_carea ocr_par ocr_line ocrx_word'/>
</head>
<body>
  <div class='ocr_page' id='page_1' title='image "./iosephiscaliger02scalgoog/iosephiscaliger02scalgoog_0052.png"; bbox 0 0 2452 4186; ppageno 0'>
   <div class='ocr_carea' id='block_1_1' title="bbox 1210 244 1393 345">
    <p class='ocr_par' dir='ltr' id='par_1_1' title="bbox 1210 244 1393 345">
     <span class='ocr_line' id='line_1_1' title="bbox 1210 244 1393 345; baseline 0 -98"><span class='ocrx_word' id='word_1_1' title='bbox 1210 286 1292 345; x_wconf 62' lang='lat'><strong>5⁰</strong></span> <span class='ocrx_word' id='word_1_2' title='bbox 1389 244 1393 247; x_wconf 10' lang='grc' dir='ltr'><strong>Α</strong></span> 
     </span>
    </p>
   </div>
   <div class='ocr_carea' id='block_1_2' title="bbox 1104 372 1406 380">
    <p class='ocr_par' dir='ltr' id='par_1_2' title="bbox 1104 372 1406 380">
     <span class='ocr_line' id='line_1_2' title="bbox 1104 372 1406 380; baseline 0 0"><span class='ocrx_word' id='word_1_3' title='bbox 1104 372 1406 380; x_wconf 95' lang='lat' dir='ltr'><strong> </strong></span> 
     </span>
    </p>
   </div>
   <div class='ocr_carea' id='block_1_3' title="bbox 340 455 1658 1975">
    <p class='ocr_par' dir='ltr' id='par_1_3' title="bbox 340 455 1581 1113">
     <span class='ocr_line' id='line_1_3' title="bbox 340 455 1519 526; baseline -0.008 -9"><span class='ocrx_word' id='word_1_4' title='bbox 340 456 524 517; x_wconf 80' lang='lat' dir='ltr'>Galle</span> <span class='ocrx_word' id='word_1_5' title='bbox 568 455 748 513; x_wconf 82' lang='lat' dir='ltr'><strong>fortis</strong></span> <span class='ocrx_word' id='word_1_6' title='bbox 796 473 957 526; x_wconf 75' lang='lat' dir='ltr'><strong>eras,</strong></span> <span class='ocrx_word' id='word_1_7' title='bbox 1002 455 1222 513; x_wconf 81' lang='lat' dir='ltr'><strong>Latine</strong></span> <span class='ocrx_word' id='word_1_8' title='bbox 1268 456 1519 514; x_wconf 82' lang='lat' dir='ltr'><strong>doctus:</strong></span> 
     </span>
     <span class='ocr_line' id='line_1_4' title="bbox 344 539 1453 611; baseline -0.007 -8"><span class='ocrx_word' id='word_1_9' title='bbox 344 541 524 603; x_wconf 81' lang='lat' dir='ltr'>Galle</span> <span class='ocrx_word' id='word_1_10' title='bbox 565 540 742 599; x_wconf 87' lang='lat' dir='ltr'><strong>miles</strong></span> <span class='ocrx_word' id='word_1_11' title='bbox 797 558 954 611; x_wconf 76' lang='lat' dir='ltr'><strong>erae,</strong></span> <span class='ocrx_word' id='word_1_12' title='bbox 1002 539 1220 599; x_wconf 84' lang='lat' dir='ltr'><strong>Latine</strong></span> <span class='ocrx_word' id='word_1_13' title='bbox 1261 551 1453 598; x_wconf 83' lang='lat' dir='ltr'><strong>vates.</strong></span> 
     </span>
     <span class='ocr_line' id='line_1_5' title="bbox 341 623 1479 701; baseline -0.004 -16"><span class='ocrx_word' id='word_1_14' title='bbox 341 626 553 685; x_wconf 83' lang='lat' dir='ltr'><strong>Donec</strong></span> <span class='ocrx_word' id='word_1_15' title='bbox 597 623 805 684; x_wconf 80' lang='lat' dir='ltr'><strong>Gallia</strong></span> <span class='ocrx_word' id='word_1_16' title='bbox 845 631 1008 682; x_wconf 87' lang='lat' dir='ltr'><strong>terra</strong></span> <span class='ocrx_word' id='word_1_17' title='bbox 1052 633 1316 701; x_wconf 90' lang='lat' dir='ltr'><strong>tempore</strong></span> <span class='ocrx_word' id='word_1_18' title='bbox 1357 644 1479 682; x_wconf 90' lang='lat' dir='ltr'><strong>uno</strong></span> 
     </span>
     <span class='ocr_line' id='line_1_6' title="bbox 341 710 1389 782; baseline -0.002 -12"><span class='ocrx_word' id='word_1_19' title='bbox 341 711 561 771; x_wconf 83' lang='lat' dir='ltr'><strong>Plures</strong></span> <span class='ocrx_word' id='word_1_20' title='bbox 605 710 790 768; x_wconf 83' lang='lat' dir='ltr'><strong>edidit</strong></span> <span class='ocrx_word' id='word_1_21' title='bbox 826 728 1045 768; x_wconf 86' lang='lat' dir='ltr'><strong>aureos</strong></span> <span class='ocrx_word' id='word_1_22' title='bbox 1091 710 1389 782; x_wconf 75' lang='lat' dir='ltr'><strong>alumnOS,</strong></span> 
     </span>
     <span class='ocr_line' id='line_1_7' title="bbox 342 794 1581 867; baseline -0.002 -11"><span class='ocrx_word' id='word_1_23' title='bbox 342 796 576 856; x_wconf 83' lang='lat' dir='ltr'><strong>Doctos</strong></span> <span class='ocrx_word' id='word_1_24' title='bbox 616 794 1050 867; x_wconf 74' lang='lat' dir='ltr'><strong>Phoebioola5‚</strong></span> <span class='ocrx_word' id='word_1_25' title='bbox 1098 797 1285 853; x_wconf 88' lang='lat' dir='ltr'><strong>bonos</strong></span> <span class='ocrx_word' id='word_1_26' title='bbox 1329 794 1581 866; x_wconf 71' lang='lat' dir='ltr'><strong>Poetae,</strong></span> 
     </span>
     <span class='ocr_line' id='line_1_8' title="bbox 346 879 1523 957; baseline -0.003 -18"><span class='ocrx_word' id='word_1_27' title='bbox 346 882 545 957; x_wconf 81' lang='lat' dir='ltr'><strong>Quam</strong></span> <span class='ocrx_word' id='word_1_28' title='bbox 590 899 704 939; x_wconf 82' lang='lat' dir='ltr'><strong>neo</strong></span> <span class='ocrx_word' id='word_1_29' title='bbox 745 880 904 937; x_wconf 85' lang='lat' dir='ltr'><strong>Itala</strong></span> <span class='ocrx_word' id='word_1_30' title='bbox 948 879 1171 938; x_wconf 79' lang='lat' dir='ltr'><strong>seculis</strong></span> <span class='ocrx_word' id='word_1_31' title='bbox 1215 879 1523 945; x_wconf 76' lang='lat' dir='ltr'><strong>trecentis.</strong></span> 
     </span>
     <span class='ocr_line' id='line_1_9' title="bbox 343 964 1506 1035; baseline -0.003 -10"><span class='ocrx_word' id='word_1_32' title='bbox 343 967 426 1025; x_wconf 88' lang='lat' dir='ltr'><strong>Et</strong></span> <span class='ocrx_word' id='word_1_33' title='bbox 465 965 759 1024; x_wconf 85' lang='lat' dir='ltr'><strong>Cissaeus</strong></span> <span class='ocrx_word' id='word_1_34' title='bbox 805 966 868 1022; x_wconf 90' lang='lat' dir='ltr'><strong>in</strong></span> <span class='ocrx_word' id='word_1_35' title='bbox 913 965 1008 1022; x_wconf 88' lang='lat' dir='ltr'><strong>his</strong></span> <span class='ocrx_word' id='word_1_36' title='bbox 1049 964 1246 1022; x_wconf 77' lang='lat' dir='ltr'><strong>locum</strong></span> <span class='ocrx_word' id='word_1_37' title='bbox 1286 972 1506 1035; x_wconf 86' lang='lat' dir='ltr'><strong>tuetur,</strong></span> 
     </span>
     <span class='ocr_line' id='line_1_10' title="bbox 345 1049 1339 1113; baseline -0.006 -1"><span class='ocrx_word' id='word_1_38' title='bbox 345 1050 526 1113; x_wconf 88' lang='lat' dir='ltr'><strong>Siren</strong></span> <span class='ocrx_word' id='word_1_39' title='bbox 572 1049 813 1109; x_wconf 81' lang='lat' dir='ltr'><strong>Gallica</strong></span> <span class='ocrx_word' id='word_1_40' title='bbox 856 1049 1047 1108; x_wconf 82' lang='lat' dir='ltr'><strong>seculi</strong></span> <span class='ocrx_word' id='word_1_41' title='bbox 1084 1049 1339 1107; x_wconf 85' lang='lat' dir='ltr'><strong>eruditi:</strong></span> 
     </span>
    </p>

    <p class='ocr_par' dir='ltr' id='par_1_4' title="bbox 343 1132 1658 1381">
     <span class='ocr_line' id='line_1_11' title="bbox 343 1132 1658 1211; baseline -0.005 -15"><span class='ocrx_word' id='word_1_42' title='bbox 343 1135 493 1196; x_wconf 85' lang='lat' dir='ltr'><strong>Non</strong></span> <span class='ocrx_word' id='word_1_43' title='bbox 529 1135 722 1194; x_wconf 84' lang='lat' dir='ltr'><strong>solum</strong></span> <span class='ocrx_word' id='word_1_44' title='bbox 766 1135 996 1211; x_wconf 86' lang='lat' dir='ltr'><strong>patrias</strong></span> <span class='ocrx_word' id='word_1_45' title='bbox 1037 1135 1249 1192; x_wconf 82' lang='lat' dir='ltr'><strong>colens</strong></span> <span class='ocrx_word' id='word_1_46' title='bbox 1289 1132 1658 1202; x_wconf 74' lang='lat' dir='ltr'><strong>Camoena8‚</strong></span> 
     </span>
     <span class='ocr_line' id='line_1_12' title="bbox 348 1216 1588 1294; baseline -0.004 -13"><span class='ocrx_word' id='word_1_47' title='bbox 348 1221 471 1282; x_wconf 88' lang='lat' dir='ltr'><strong>Sed</strong></span> <span class='ocrx_word' id='word_1_48' title='bbox 511 1220 752 1278; x_wconf 90' lang='lat' dir='ltr'><strong>Phoebi</strong></span> <span class='ocrx_word' id='word_1_49' title='bbox 786 1219 1026 1277; x_wconf 79' lang='lat' dir='ltr'><strong>celeber</strong></span> <span class='ocrx_word' id='word_1_50' title='bbox 1074 1219 1265 1276; x_wconf 85' lang='lat' dir='ltr'><strong>eliens</strong></span> <span class='ocrx_word' id='word_1_51' title='bbox 1309 1216 1588 1294; x_wconf 83' lang='lat' dir='ltr'><strong>Pelasgi3</strong></span> 
     </span>
     <span class='ocr_line' id='line_1_13' title="bbox 344 1304 1444 1381; baseline -0.005 -15"><span class='ocrx_word' id='word_1_52' title='bbox 344 1308 425 1366; x_wconf 86' lang='lat' dir='ltr'><strong>Et</strong></span> <span class='ocrx_word' id='word_1_53' title='bbox 468 1306 665 1364; x_wconf 90' lang='lat' dir='ltr'><strong>Musis</strong></span> <span class='ocrx_word' id='word_1_54' title='bbox 709 1314 887 1381; x_wconf 84' lang='lat' dir='ltr'><strong>eaput</strong></span> <span class='ocrx_word' id='word_1_55' title='bbox 935 1304 1108 1362; x_wconf 84' lang='lat' dir='ltr'><strong>Italis</strong></span> <span class='ocrx_word' id='word_1_56' title='bbox 1157 1305 1444 1362; x_wconf 81' lang='lat' dir='ltr'><strong>amicum:</strong></span> 
     </span>
    </p>

    <p class='ocr_par' dir='ltr' id='par_1_5' title="bbox 342 1389 1622 1553">
     <span class='ocr_line' id='line_1_14' title="bbox 342 1389 1622 1468; baseline -0.005 -18"><span class='ocrx_word' id='word_1_57' title='bbox 342 1393 466 1450; x_wconf 92' lang='lat' dir='ltr'><strong>Per</strong></span> <span class='ocrx_word' id='word_1_58' title='bbox 504 1411 684 1468; x_wconf 85' lang='lat' dir='ltr'><strong>quem</strong></span> <span class='ocrx_word' id='word_1_59' title='bbox 729 1410 847 1448; x_wconf 89' lang='lat' dir='ltr'><strong>non</strong></span> <span class='ocrx_word' id='word_1_60' title='bbox 890 1390 1063 1449; x_wconf 87' lang='lat' dir='ltr'><strong>modo</strong></span> <span class='ocrx_word' id='word_1_61' title='bbox 1105 1389 1346 1447; x_wconf 89' lang='lat' dir='ltr'><strong>Tibridi</strong></span> <span class='ocrx_word' id='word_1_62' title='bbox 1388 1395 1622 1449; x_wconf 79' lang='lat' dir='ltr'><strong>vetusto</strong></span> 
     </span>
     <span class='ocr_line' id='line_1_15' title="bbox 347 1474 1453 1553; baseline -0.005 -18"><span class='ocrx_word' id='word_1_63' title='bbox 347 1476 592 1536; x_wconf 85' lang='lat' dir='ltr'><strong>Clarum</strong></span> <span class='ocrx_word' id='word_1_64' title='bbox 631 1475 966 1553; x_wconf 88' lang='lat' dir='ltr'><strong>praeripuit</strong></span> <span class='ocrx_word' id='word_1_65' title='bbox 1006 1475 1188 1533; x_wconf 82' lang='lat' dir='ltr'><strong>decus</strong></span> <span class='ocrx_word' id='word_1_66' title='bbox 1237 1474 1453 1544; x_wconf 83' lang='lat' dir='ltr'><strong>duelli3</strong></span> 
     </span>
    </p>

    <p class='ocr_par' dir='ltr' id='par_1_6' title="bbox 344 1559 1474 1975">
     <span class='ocr_line' id='line_1_16' title="bbox 347 1559 1428 1634; baseline -0.005 -12"><span class='ocrx_word' id='word_1_67' title='bbox 347 1561 472 1623; x_wconf 87' lang='lat' dir='ltr'><strong>Sed</strong></span> <span class='ocrx_word' id='word_1_68' title='bbox 508 1579 621 1619; x_wconf 84' lang='lat' dir='ltr'><strong>neo</strong></span> <span class='ocrx_word' id='word_1_69' title='bbox 667 1559 871 1619; x_wconf 86' lang='lat' dir='ltr'><strong>Gallia</strong></span> <span class='ocrx_word' id='word_1_70' title='bbox 912 1559 1122 1618; x_wconf 84' lang='lat' dir='ltr'><strong>literas</strong></span> <span class='ocrx_word' id='word_1_71' title='bbox 1166 1560 1428 1634; x_wconf 89' lang='lat' dir='ltr'><strong>reliquit.</strong></span> 
     </span>
     <span class='ocr_line' id='line_1_17' title="bbox 347 1642 1418 1707; baseline -0.006 0"><span class='ocrx_word' id='word_1_72' title='bbox 347 1645 533 1707; x_wconf 84' lang='lat' dir='ltr'><strong>Salve</strong></span> <span class='ocrx_word' id='word_1_73' title='bbox 573 1644 779 1705; x_wconf 88' lang='lat' dir='ltr'><strong>Gallia</strong></span> <span class='ocrx_word' id='word_1_74' title='bbox 829 1644 1044 1702; x_wconf 82' lang='lat' dir='ltr'><strong>clarior</strong></span> <span class='ocrx_word' id='word_1_75' title='bbox 1090 1642 1418 1702; x_wconf 83' lang='lat' dir='ltr'><strong>Camoenis</strong></span> 
     </span>
     <span class='ocr_line' id='line_1_18' title="bbox 344 1728 1407 1801; baseline -0.003 -12"><span class='ocrx_word' id='word_1_76' title='bbox 344 1731 562 1791; x_wconf 83' lang='lat' dir='ltr'><strong>Prisco</strong></span> <span class='ocrx_word' id='word_1_77' title='bbox 608 1729 881 1801; x_wconf 81' lang='lat' dir='ltr'><strong>Tibride,</strong></span> <span class='ocrx_word' id='word_1_78' title='bbox 917 1729 1133 1786; x_wconf 81' lang='lat' dir='ltr'><strong>clarior</strong></span> <span class='ocrx_word' id='word_1_79' title='bbox 1174 1728 1407 1786; x_wconf 83' lang='lat' dir='ltr'><strong>duello:</strong></span> 
     </span>
     <span class='ocr_line' id='line_1_19' title="bbox 347 1811 1474 1886; baseline -0.002 -12"><span class='ocrx_word' id='word_1_80' title='bbox 347 1817 551 1875; x_wconf 81' lang='lat' dir='ltr'><strong>Tanto</strong></span> <span class='ocrx_word' id='word_1_81' title='bbox 603 1815 810 1874; x_wconf 86' lang='lat' dir='ltr'><strong>Gallia</strong></span> <span class='ocrx_word' id='word_1_82' title='bbox 853 1812 1074 1871; x_wconf 83' lang='lat' dir='ltr'><strong>clarior</strong></span> <span class='ocrx_word' id='word_1_83' title='bbox 1120 1811 1474 1886; x_wconf 75' lang='lat' dir='ltr'><strong>camoenis,</strong></span> 
     </span>
     <span class='ocr_line' id='line_1_20' title="bbox 347 1899 1337 1975; baseline -0.003 -15"><span class='ocrx_word' id='word_1_84' title='bbox 347 1899 588 1975; x_wconf 79' lang='lat' dir='ltr'><strong>Quanto</strong></span> <span class='ocrx_word' id='word_1_85' title='bbox 634 1900 855 1958; x_wconf 79' lang='lat' dir='ltr'><strong>clarior</strong></span> <span class='ocrx_word' id='word_1_86' title='bbox 890 1907 1071 1956; x_wconf 86' lang='lat' dir='ltr'><strong>antea</strong></span> <span class='ocrx_word' id='word_1_87' title='bbox 1114 1899 1337 1957; x_wconf 88' lang='lat' dir='ltr'><strong>duello.</strong></span> 
     </span>
    </p>
   </div>
   <div class='ocr_carea' id='block_1_4' title="bbox 250 2064 2180 3168">
    <p class='ocr_par' dir='ltr' id='par_1_7' title="bbox 350 2064 2180 2145">
     <span class='ocr_line' id='line_1_21' title="bbox 350 2064 2180 2145; baseline -0.002 -15"><span class='ocrx_word' id='word_1_88' title='bbox 350 2071 407 2130; x_wconf 79' lang='lat'><strong>4.</strong></span> <span class='ocrx_word' id='word_1_89' title='bbox 504 2073 581 2130; x_wconf 81' lang='lat' dir='ltr'><strong>In</strong></span> <span class='ocrx_word' id='word_1_90' title='bbox 634 2089 841 2129; x_wconf 75' lang='lat' dir='ltr'><strong>novam</strong></span> <span class='ocrx_word' id='word_1_91' title='bbox 909 2064 1209 2128; x_wconf 78' lang='lat' dir='ltr'><strong>editionem</strong></span> <span class='ocrx_word' id='word_1_92' title='bbox 1267 2069 1660 2145; x_wconf 58' lang='lat' dir='ltr'><strong>Par-aphram</strong></span> <span class='ocrx_word' id='word_1_93' title='bbox 1717 2067 2071 2126; x_wconf 78' lang='lat' dir='ltr'><strong>Buohanam&#39;</strong></span> <span class='ocrx_word' id='word_1_94' title='bbox 2118 2070 2180 2127; x_wconf 77' lang='lat' dir='ltr'><strong>in</strong></span> 
     </span>
    </p>

    <p class='ocr_par' dir='ltr' id='par_1_8' title="bbox 250 2151 2134 2314">
     <span class='ocr_line' id='line_1_22' title="bbox 250 2151 2134 2231; baseline -0.002 -15"><span class='ocrx_word' id='word_1_95' title='bbox 250 2151 255 2156; x_wconf 62' lang='grc'><strong>’</strong></span> <span class='ocrx_word' id='word_1_96' title='bbox 390 2158 654 2216; x_wconf 77' lang='lat' dir='ltr'><strong>Psalmos</strong></span> <span class='ocrx_word' id='word_1_97' title='bbox 670 2199 687 2227; x_wconf 88' lang='lat'>‚</span> <span class='ocrx_word' id='word_1_98' title='bbox 744 2175 918 2231; x_wconf 83' lang='lat' dir='ltr'><strong>quam</strong></span> <span class='ocrx_word' id='word_1_99' title='bbox 959 2156 1127 2213; x_wconf 75' lang='lat' dir='ltr'><strong>Alex.</strong></span> <span class='ocrx_word' id='word_1_100' title='bbox 1174 2155 1255 2212; x_wconf 83' lang='lat' dir='ltr'><em>M</em></span> <span class='ocrx_word' id='word_1_101' title='bbox 1250 2174 1460 2224; x_wconf 72' lang='lat' dir='ltr'><strong>emon</strong></span> <span class='ocrx_word' id='word_1_102' title='bbox 1501 2156 1715 2212; x_wconf 73' lang='lat' dir='ltr'><strong>sororis</strong></span> <span class='ocrx_word' id='word_1_103' title='bbox 1756 2156 1941 2228; x_wconf 77' lang='lat' dir='ltr'><strong>ipsius</strong></span> <span class='ocrx_word' id='word_1_104' title='bbox 1970 2155 2134 2227; x_wconf 80' lang='lat' dir='ltr'><strong>filius</strong></span> 
     </span>
     <span class='ocr_line' id='line_1_23' title="bbox 1026 2243 1388 2314; baseline -0.003 -17"><span class='ocrx_word' id='word_1_105' title='bbox 1026 2243 1388 2314; x_wconf 80' lang='lat' dir='ltr'><strong>procuravit.</strong></span> 
     </span>
    </p>

    <p class='ocr_par' dir='ltr' id='par_1_9' title="bbox 349 2322 1807 2400">
     <span class='ocr_line' id='line_1_24' title="bbox 349 2322 1807 2400; baseline -0.003 -16"><span class='ocrx_word' id='word_1_106' title='bbox 349 2328 504 2397; x_wconf 77' lang='lat' dir='ltr'><strong>Ista,</strong></span> <span class='ocrx_word' id='word_1_107' title='bbox 553 2324 872 2384; x_wconf 83' lang='lat' dir='ltr'><strong>Caledonii</strong></span> <span class='ocrx_word' id='word_1_108' title='bbox 913 2325 1092 2382; x_wconf 82' lang='lat' dir='ltr'><strong>vertit</strong></span> <span class='ocrx_word' id='word_1_109' title='bbox 1135 2343 1293 2400; x_wconf 87' lang='lat' dir='ltr'><strong>quae</strong></span> <span class='ocrx_word' id='word_1_110' title='bbox 1337 2325 1516 2381; x_wconf 85' lang='lat' dir='ltr'><strong>Musa</strong></span> <span class='ocrx_word' id='word_1_111' title='bbox 1558 2322 1807 2393; x_wconf 79' lang='lat' dir='ltr'><strong>Poetae,</strong></span> 
     </span>
    </p>

    <p class='ocr_par' dir='ltr' id='par_1_10' title="bbox 352 2407 1874 2574">
     <span class='ocr_line' id='line_1_25' title="bbox 433 2407 1808 2486; baseline -0.002 -18"><span class='ocrx_word' id='word_1_112' title='bbox 433 2411 565 2468; x_wconf 88' lang='lat' dir='ltr'><strong>Iam</strong></span> <span class='ocrx_word' id='word_1_113' title='bbox 605 2410 775 2486; x_wconf 87' lang='lat' dir='ltr'><strong>prius</strong></span> <span class='ocrx_word' id='word_1_114' title='bbox 814 2408 1102 2467; x_wconf 88' lang='lat' dir='ltr'><strong>Hebraea</strong></span> <span class='ocrx_word' id='word_1_115' title='bbox 1145 2409 1415 2466; x_wconf 85' lang='lat' dir='ltr'><strong>carmina</strong></span> <span class='ocrx_word' id='word_1_116' title='bbox 1453 2407 1616 2466; x_wconf 82' lang='lat' dir='ltr'><strong>culta</strong></span> <span class='ocrx_word' id='word_1_117' title='bbox 1653 2407 1808 2485; x_wconf 82' lang='lat' dir='ltr'><strong>lyra,</strong></span> 
     </span>
     <span class='ocr_line' id='line_1_26' title="bbox 352 2492 1874 2574; baseline -0.002 -19"><span class='ocrx_word' id='word_1_118' title='bbox 352 2494 748 2574; x_wconf 87' lang='lat' dir='ltr'><strong>Typographi</strong></span> <span class='ocrx_word' id='word_1_119' title='bbox 790 2496 1048 2571; x_wconf 89' lang='lat' dir='ltr'><strong>primum</strong></span> <span class='ocrx_word' id='word_1_120' title='bbox 1091 2495 1292 2553; x_wconf 83' lang='lat' dir='ltr'><strong>foedis</strong></span> <span class='ocrx_word' id='word_1_121' title='bbox 1338 2494 1625 2551; x_wconf 87' lang='lat' dir='ltr'><strong>damnata</strong></span> <span class='ocrx_word' id='word_1_122' title='bbox 1652 2492 1874 2564; x_wconf 68' lang='lat' dir='ltr'><strong>fitutia,</strong></span> 
     </span>
    </p>

    <p class='ocr_par' dir='ltr' id='par_1_11' title="bbox 350 2580 1873 2737">
     <span class='ocr_line' id='line_1_27' title="bbox 436 2580 1575 2656; baseline -0.002 -18"><span class='ocrx_word' id='word_1_123' title='bbox 436 2581 579 2638; x_wconf 84' lang='lat' dir='ltr'><strong>Vati</strong></span> <span class='ocrx_word' id='word_1_124' title='bbox 621 2600 815 2656; x_wconf 90' lang='lat' dir='ltr'><strong>nuper</strong></span> <span class='ocrx_word' id='word_1_125' title='bbox 859 2588 1033 2638; x_wconf 86' lang='lat' dir='ltr'><strong>erant</strong></span> <span class='ocrx_word' id='word_1_126' title='bbox 1070 2580 1398 2639; x_wconf 82' lang='lat' dir='ltr'><strong>inficianda</strong></span> <span class='ocrx_word' id='word_1_127' title='bbox 1441 2598 1575 2638; x_wconf 86' lang='lat' dir='ltr'><strong>suo.</strong></span> 
     </span>
     <span class='ocr_line' id='line_1_28' title="bbox 350 2661 1873 2737; baseline -0.003 -13"><span class='ocrx_word' id='word_1_128' title='bbox 350 2665 642 2724; x_wconf 80' lang='lat' dir='ltr'><strong>Excoluit</strong></span> <span class='ocrx_word' id='word_1_129' title='bbox 667 2666 963 2737; x_wconf 82' lang='lat' dir='ltr'><strong>Morison‚</strong></span> <span class='ocrx_word' id='word_1_130' title='bbox 1010 2673 1070 2723; x_wconf 88' lang='lat' dir='ltr'><strong>et</strong></span> <span class='ocrx_word' id='word_1_131' title='bbox 1111 2665 1325 2724; x_wconf 82' lang='lat' dir='ltr'><strong>doctus</strong></span> <span class='ocrx_word' id='word_1_132' title='bbox 1370 2663 1701 2722; x_wconf 83' lang='lat' dir='ltr'><strong>avunculus</strong></span> <span class='ocrx_word' id='word_1_133' title='bbox 1747 2661 1873 2720; x_wconf 83' lang='lat' dir='ltr'><strong>illis</strong></span> 
     </span>
    </p>

    <p class='ocr_par' dir='ltr' id='par_1_12' title="bbox 354 2747 2009 2911">
     <span class='ocr_line' id='line_1_29' title="bbox 437 2747 2009 2825; baseline -0.003 -17"><span class='ocrx_word' id='word_1_134' title='bbox 437 2750 613 2825; x_wconf 81' lang='lat' dir='ltr'><strong>Quod</strong></span> <span class='ocrx_word' id='word_1_135' title='bbox 657 2750 926 2822; x_wconf 84' lang='lat' dir='ltr'><strong>dederat,</strong></span> <span class='ocrx_word' id='word_1_136' title='bbox 964 2769 1084 2808; x_wconf 88' lang='lat' dir='ltr'><strong>non</strong></span> <span class='ocrx_word' id='word_1_137' title='bbox 1128 2758 1223 2809; x_wconf 86' lang='lat' dir='ltr'><strong>est</strong></span> <span class='ocrx_word' id='word_1_138' title='bbox 1262 2767 1488 2825; x_wconf 84' lang='lat' dir='ltr'><strong>passus</strong></span> <span class='ocrx_word' id='word_1_139' title='bbox 1537 2750 1756 2807; x_wconf 84' lang='lat' dir='ltr'><strong>abesse</strong></span> <span class='ocrx_word' id='word_1_140' title='bbox 1803 2747 2009 2805; x_wconf 82' lang='lat' dir='ltr'><strong>decus.</strong></span> 
     </span>
     <span class='ocr_line' id='line_1_30' title="bbox 354 2832 1965 2911; baseline -0.002 -16"><span class='ocrx_word' id='word_1_141' title='bbox 354 2834 652 2907; x_wconf 83' lang='lat' dir='ltr'><strong>Gaudete,</strong></span> <span class='ocrx_word' id='word_1_142' title='bbox 698 2855 734 2893; x_wconf 99' lang='lat' dir='ltr'><strong>o</strong></span> <span class='ocrx_word' id='word_1_143' title='bbox 786 2834 1006 2893; x_wconf 84' lang='lat' dir='ltr'><strong>summi</strong></span> <span class='ocrx_word' id='word_1_144' title='bbox 1042 2835 1222 2907; x_wconf 87' lang='lat' dir='ltr'><strong>vatis,</strong></span> <span class='ocrx_word' id='word_1_145' title='bbox 1268 2834 1374 2911; x_wconf 86' lang='lat' dir='ltr'><strong>pia</strong></span> <span class='ocrx_word' id='word_1_146' title='bbox 1413 2833 1683 2905; x_wconf 82' lang='lat' dir='ltr'><strong>numina,</strong></span> <span class='ocrx_word' id='word_1_147' title='bbox 1728 2832 1965 2905; x_wconf 77' lang='lat' dir='ltr'><strong>ManeS,</strong></span> 
     </span>
    </p>

    <p class='ocr_par' dir='ltr' id='par_1_13' title="bbox 350 2918 2176 3082">
     <span class='ocr_line' id='line_1_31' title="bbox 442 2918 1772 2998; baseline -0.006 -17"><span class='ocrx_word' id='word_1_148' title='bbox 442 2919 509 2981; x_wconf 86' lang='lat' dir='ltr'><strong>Si</strong></span> <span class='ocrx_word' id='word_1_149' title='bbox 547 2922 706 2998; x_wconf 87' lang='lat' dir='ltr'><strong>bene</strong></span> <span class='ocrx_word' id='word_1_150' title='bbox 746 2920 989 2997; x_wconf 83' lang='lat' dir='ltr'><strong>cognati</strong></span> <span class='ocrx_word' id='word_1_151' title='bbox 1031 2938 1138 2977; x_wconf 88' lang='lat' dir='ltr'><strong>vos</strong></span> <span class='ocrx_word' id='word_1_152' title='bbox 1182 2919 1504 2977; x_wconf 79' lang='lat' dir='ltr'><strong>benefacta</strong></span> <span class='ocrx_word' id='word_1_153' title='bbox 1540 2918 1772 2989; x_wconf 85' lang='lat' dir='ltr'><strong>iuvant,</strong></span> 
     </span>
     <span class='ocr_line' id='line_1_32' title="bbox 350 3000 2176 3082; baseline -0.003 -16"><span class='ocrx_word' id='word_1_154' title='bbox 350 3006 534 3066; x_wconf 82' lang='lat' dir='ltr'><strong>Nunc</strong></span> <span class='ocrx_word' id='word_1_155' title='bbox 571 3024 723 3082; x_wconf 87' lang='lat' dir='ltr'><strong>opus</strong></span> <span class='ocrx_word' id='word_1_156' title='bbox 767 3006 899 3077; x_wconf 79' lang='lat' dir='ltr'><strong>hoc,</strong></span> <span class='ocrx_word' id='word_1_157' title='bbox 939 3004 1210 3063; x_wconf 88' lang='lat' dir='ltr'><strong>Morison</strong></span> <span class='ocrx_word' id='word_1_158' title='bbox 1257 3005 1422 3080; x_wconf 91' lang='lat' dir='ltr'><strong>quod</strong></span> <span class='ocrx_word' id='word_1_159' title='bbox 1465 3003 1714 3061; x_wconf 89' lang='lat' dir='ltr'><strong>luminis</strong></span> <span class='ocrx_word' id='word_1_160' title='bbox 1756 3001 1879 3058; x_wconf 84' lang='lat' dir='ltr'><strong>edit</strong></span> <span class='ocrx_word' id='word_1_161' title='bbox 1918 3000 1985 3058; x_wconf 87' lang='lat' dir='ltr'><strong>in</strong></span> <span class='ocrx_word' id='word_1_162' title='bbox 2017 3017 2176 3072; x_wconf 73' lang='lat' dir='ltr'><strong>orae,</strong></span> 
     </span>
    </p>

    <p class='ocr_par' dir='ltr' id='par_1_14' title="bbox 434 3090 2060 3168">
     <span class='ocr_line' id='line_1_33' title="bbox 434 3090 2060 3168; baseline -0.002 -19"><span class='ocrx_word' id='word_1_163' title='bbox 434 3092 721 3150; x_wconf 84' lang='lat' dir='ltr'><strong>Vestrum</strong></span> <span class='ocrx_word' id='word_1_164' title='bbox 766 3100 886 3161; x_wconf 81' lang='lat' dir='ltr'><strong>est3</strong></span> <span class='ocrx_word' id='word_1_165' title='bbox 930 3090 1375 3168; x_wconf 86' lang='lat' dir='ltr'><strong>Typographus</strong></span> <span class='ocrx_word' id='word_1_166' title='bbox 1418 3090 1646 3147; x_wconf 76' lang='lat' dir='ltr'><strong>fecerat</strong></span> <span class='ocrx_word' id='word_1_167' title='bbox 1680 3094 1821 3145; x_wconf 88' lang='lat' dir='ltr'><strong>ante</strong></span> <span class='ocrx_word' id='word_1_168' title='bbox 1862 3105 2060 3145; x_wconf 87' lang='lat' dir='ltr'><strong>suum.</strong></span> 
     </span>
    </p>
   </div>
   <div class='ocr_carea' id='block_1_5' title="bbox 354 3256 2174 3592">
    <p class='ocr_par' dir='ltr' id='par_1_15' title="bbox 354 3256 2174 3415">
     <span class='ocr_line' id='line_1_34' title="bbox 354 3256 2174 3334; baseline -0.001 -17"><span class='ocrx_word' id='word_1_169' title='bbox 354 3260 413 3317; x_wconf 88' lang='grc'><strong>5.</strong></span> <span class='ocrx_word' id='word_1_170' title='bbox 479 3260 556 3316; x_wconf 76' lang='lat' dir='ltr'><strong>In</strong></span> <span class='ocrx_word' id='word_1_171' title='bbox 578 3258 893 3317; x_wconf 79' lang='lat' dir='ltr'><strong>Scaevolae</strong></span> <span class='ocrx_word' id='word_1_172' title='bbox 918 3257 1355 3318; x_wconf 79' lang='lat' dir='ltr'><strong>Sammarthani</strong></span> <span class='ocrx_word' id='word_1_173' title='bbox 1374 3259 1669 3329; x_wconf 77' lang='lat' dir='ltr'><strong>Poemata,</strong></span> <span class='ocrx_word' id='word_1_174' title='bbox 1697 3260 1778 3315; x_wconf 85' lang='lat' dir='ltr'><strong>ad</strong></span> <span class='ocrx_word' id='word_1_175' title='bbox 1807 3256 2174 3334; x_wconf 75' lang='lat' dir='ltr'><strong>Chrysaeum.</strong></span> 
     </span>
     <span class='ocr_line' id='line_1_35' title="bbox 355 3341 1950 3415; baseline -0.001 -12"><span class='ocrx_word' id='word_1_176' title='bbox 355 3341 650 3403; x_wconf 82' lang='lat' dir='ltr'><strong>Scaevola</strong></span> <span class='ocrx_word' id='word_1_177' title='bbox 692 3344 745 3402; x_wconf 92' lang='lat' dir='ltr'><strong>si</strong></span> <span class='ocrx_word' id='word_1_178' title='bbox 790 3343 967 3402; x_wconf 83' lang='lat' dir='ltr'><strong>cultis</strong></span> <span class='ocrx_word' id='word_1_179' title='bbox 1010 3343 1233 3402; x_wconf 82' lang='lat' dir='ltr'><strong>mulcet</strong></span> <span class='ocrx_word' id='word_1_180' title='bbox 1274 3345 1387 3405; x_wconf 83' lang='lat' dir='ltr'><strong>tibi</strong></span> <span class='ocrx_word' id='word_1_181' title='bbox 1427 3343 1706 3401; x_wconf 88' lang='lat' dir='ltr'><strong>versibus</strong></span> <span class='ocrx_word' id='word_1_182' title='bbox 1750 3360 1950 3415; x_wconf 76' lang='lat' dir='ltr'><strong>auree,</strong></span> 
     </span>
    </p>

    <p class='ocr_par' dir='ltr' id='par_1_16' title="bbox 356 3427 1918 3592">
     <span class='ocr_line' id='line_1_36' title="bbox 437 3427 1895 3506; baseline -0.001 -20"><span class='ocrx_word' id='word_1_183' title='bbox 437 3427 601 3486; x_wconf 89' lang='lat' dir='ltr'><strong>Dum</strong></span> <span class='ocrx_word' id='word_1_184' title='bbox 644 3438 749 3486; x_wconf 87' lang='lat' dir='ltr'><strong>tua</strong></span> <span class='ocrx_word' id='word_1_185' title='bbox 793 3447 963 3487; x_wconf 88' lang='lat' dir='ltr'><strong>mens</strong></span> <span class='ocrx_word' id='word_1_186' title='bbox 1010 3429 1174 3487; x_wconf 82' lang='lat' dir='ltr'><strong>docti</strong></span> <span class='ocrx_word' id='word_1_187' title='bbox 1214 3429 1442 3506; x_wconf 89' lang='lat' dir='ltr'><strong>pendet</strong></span> <span class='ocrx_word' id='word_1_188' title='bbox 1485 3429 1561 3486; x_wconf 86' lang='lat' dir='ltr'><strong>ab</strong></span> <span class='ocrx_word' id='word_1_189' title='bbox 1608 3447 1714 3487; x_wconf 92' lang='lat' dir='ltr'><strong>ore</strong></span> <span class='ocrx_word' id='word_1_190' title='bbox 1752 3427 1895 3486; x_wconf 82' lang='lat' dir='ltr'><strong>viri:</strong></span> 
     </span>
     <span class='ocr_line' id='line_1_37' title="bbox 356 3509 1918 3592; baseline -0.001 -21"><span class='ocrx_word' id='word_1_191' title='bbox 356 3509 424 3571; x_wconf 90' lang='lat' dir='ltr'><strong>Si</strong></span> <span class='ocrx_word' id='word_1_192' title='bbox 464 3513 706 3590; x_wconf 87' lang='lat' dir='ltr'><strong>lepidae</strong></span> <span class='ocrx_word' id='word_1_193' title='bbox 748 3513 986 3573; x_wconf 86' lang='lat' dir='ltr'><strong>blandis</strong></span> <span class='ocrx_word' id='word_1_194' title='bbox 1031 3514 1266 3571; x_wconf 80' lang='lat' dir='ltr'><strong>inhiant</strong></span> <span class='ocrx_word' id='word_1_195' title='bbox 1307 3513 1419 3572; x_wconf 90' lang='lat' dir='ltr'><strong>tibi</strong></span> <span class='ocrx_word' id='word_1_196' title='bbox 1464 3513 1632 3572; x_wconf 89' lang='lat' dir='ltr'><strong>mille</strong></span> <span class='ocrx_word' id='word_1_197' title='bbox 1675 3511 1918 3592; x_wconf 82' lang='lat' dir='ltr'><strong>puellae</strong></span> 
     </span>
    </p>
   </div>
   <div class='ocr_carea' id='block_1_6' title="bbox 2437 1480 2449 4027">
    <p class='ocr_par' dir='ltr' id='par_1_17' title="bbox 2437 1480 2449 4027">
     <span class='ocr_line' id='line_1_38' title="bbox 2437 1480 2449 4027; baseline 0 0"><span class='ocrx_word' id='word_1_198' title='bbox 2437 1480 2449 4027; x_wconf 95' lang='lat' dir='ltr'><strong> </strong></span> 
     </span>
    </p>
   </div>
  </div>
 </body>
</html>
