<?xml version="1.0" encoding="UTF-8"?>
<!DOCTYPE html PUBLIC "-//W3C//DTD XHTML 1.0 Transitional//EN"
    "http://www.w3.org/TR/xhtml1/DTD/xhtml1-transitional.dtd">
<html xmlns="http://www.w3.org/1999/xhtml" xml:lang="en" lang="en">
 <head>
  <title>
</title>
<meta http-equiv="Content-Type" content="text/html;charset=utf-8" />
  <meta name='ocr-system' content='tesseract 3.04.00' />
  <meta name='ocr-capabilities' content='ocr_page ocr_carea ocr_par ocr_line ocrx_word'/>
</head>
<body>
  <div class='ocr_page' id='page_1' title='image "./iosephiscaliger02scalgoog/iosephiscaliger02scalgoog_0101.png"; bbox 0 0 2452 4186; ppageno 0'>
   <div class='ocr_carea' id='block_1_1' title="bbox 1122 299 1204 360">
    <p class='ocr_par' dir='ltr' id='par_1_1' title="bbox 1122 299 1204 360">
     <span class='ocr_line' id='line_1_1' title="bbox 1122 299 1204 360; baseline 0.012 -1"><span class='ocrx_word' id='word_1_1' title='bbox 1122 299 1204 360; x_wconf 79' lang='lat'><strong>99</strong></span> 
     </span>
    </p>
   </div>
   <div class='ocr_carea' id='block_1_2' title="bbox 1012 386 1317 396">
    <p class='ocr_par' dir='ltr' id='par_1_2' title="bbox 1012 386 1317 396">
     <span class='ocr_line' id='line_1_2' title="bbox 1012 386 1317 396; baseline 0 0"><span class='ocrx_word' id='word_1_2' title='bbox 1012 386 1317 396; x_wconf 95' lang='lat' dir='ltr'><strong> </strong></span> 
     </span>
    </p>
   </div>
   <div class='ocr_carea' id='block_1_3' title="bbox 241 467 2028 3602">
    <p class='ocr_par' dir='ltr' id='par_1_3' title="bbox 243 467 1772 630">
     <span class='ocr_line' id='line_1_3' title="bbox 245 467 1772 546; baseline 0.001 -19"><span class='ocrx_word' id='word_1_3' title='bbox 245 467 546 527; x_wconf 84' lang='lat' dir='ltr'><strong>Nascenti</strong></span> <span class='ocrx_word' id='word_1_4' title='bbox 587 468 699 525; x_wconf 89' lang='lat' dir='ltr'><strong>tibi</strong></span> <span class='ocrx_word' id='word_1_5' title='bbox 744 469 1147 546; x_wconf 84' lang='lat' dir='ltr'><strong>contigerunt,</strong></span> <span class='ocrx_word' id='word_1_6' title='bbox 1182 478 1250 528; x_wconf 86' lang='lat' dir='ltr'><strong>ut</strong></span> <span class='ocrx_word' id='word_1_7' title='bbox 1286 468 1486 529; x_wconf 87' lang='lat' dir='ltr'><strong>celsus</strong></span> <span class='ocrx_word' id='word_1_8' title='bbox 1525 469 1590 527; x_wconf 83' lang='lat' dir='ltr'><strong>in</strong></span> <span class='ocrx_word' id='word_1_9' title='bbox 1635 488 1772 529; x_wconf 90' lang='lat' dir='ltr'><strong>arce</strong></span> 
     </span>
     <span class='ocr_line' id='line_1_4' title="bbox 243 553 1720 630; baseline 0.002 -19"><span class='ocrx_word' id='word_1_10' title='bbox 243 553 496 629; x_wconf 89' lang='lat' dir='ltr'><strong>Eloqnii</strong></span> <span class='ocrx_word' id='word_1_11' title='bbox 540 553 786 629; x_wconf 83' lang='lat' dir='ltr'><strong>linguae</strong></span> <span class='ocrx_word' id='word_1_12' title='bbox 833 572 1121 630; x_wconf 80' lang='lat' dir='ltr'>proceres</span> <span class='ocrx_word' id='word_1_13' title='bbox 1164 555 1451 629; x_wconf 86' lang='lat' dir='ltr'><strong>fandique</strong></span> <span class='ocrx_word' id='word_1_14' title='bbox 1498 554 1720 629; x_wconf 88' lang='lat' dir='ltr'><strong>peritos</strong></span> 
     </span>
    </p>

    <p class='ocr_par' dir='ltr' id='par_1_4' title="bbox 241 637 1876 801">
     <span class='ocr_line' id='line_1_5' title="bbox 241 637 1876 714; baseline 0.003 -19"><span class='ocrx_word' id='word_1_15' title='bbox 241 639 415 696; x_wconf 86' lang='lat' dir='ltr'><strong>Infra</strong></span> <span class='ocrx_word' id='word_1_16' title='bbox 453 646 514 695; x_wconf 88' lang='lat' dir='ltr'><strong>te</strong></span> <span class='ocrx_word' id='word_1_17' title='bbox 558 637 792 714; x_wconf 86' lang='lat' dir='ltr'><strong>positos</strong></span> <span class='ocrx_word' id='word_1_18' title='bbox 834 657 1159 713; x_wconf 83' lang='lat' dir='ltr'><strong>premeres.</strong></span> <span class='ocrx_word' id='word_1_19' title='bbox 1205 649 1373 698; x_wconf 88' lang='lat' dir='ltr'><strong>trans</strong></span> <span class='ocrx_word' id='word_1_20' title='bbox 1406 640 1595 697; x_wconf 89' lang='lat' dir='ltr'><strong>ardua</strong></span> <span class='ocrx_word' id='word_1_21' title='bbox 1640 649 1876 700; x_wconf 86' lang='lat' dir='ltr'><strong>vectum</strong></span> 
     </span>
     <span class='ocr_line' id='line_1_6' title="bbox 243 722 1795 801; baseline 0.001 -20"><span class='ocrx_word' id='word_1_22' title='bbox 243 723 336 781; x_wconf 90' lang='lat' dir='ltr'><strong>Te</strong></span> <span class='ocrx_word' id='word_1_23' title='bbox 386 722 648 781; x_wconf 88' lang='lat' dir='ltr'><strong>sublime</strong></span> <span class='ocrx_word' id='word_1_24' title='bbox 693 730 875 798; x_wconf 90' lang='lat' dir='ltr'><strong>caput</strong></span> <span class='ocrx_word' id='word_1_25' title='bbox 919 725 1080 801; x_wconf 86' lang='lat' dir='ltr'><strong>vulgi</strong></span> <span class='ocrx_word' id='word_1_26' title='bbox 1124 744 1307 801; x_wconf 91' lang='lat' dir='ltr'><strong>super</strong></span> <span class='ocrx_word' id='word_1_27' title='bbox 1348 743 1457 782; x_wconf 92' lang='lat' dir='ltr'><strong>ora</strong></span> <span class='ocrx_word' id='word_1_28' title='bbox 1504 724 1795 783; x_wconf 87' lang='lat' dir='ltr'><strong>ferentem</strong></span> 
     </span>
    </p>

    <p class='ocr_par' dir='ltr' id='par_1_5' title="bbox 241 807 1566 884">
     <span class='ocr_line' id='line_1_7' title="bbox 241 807 1566 884; baseline -0.001 -17"><span class='ocrx_word' id='word_1_29' title='bbox 241 812 301 867; x_wconf 91' lang='lat' dir='ltr'>A</span> <span class='ocrx_word' id='word_1_30' title='bbox 342 808 508 884; x_wconf 87' lang='lat' dir='ltr'><strong>vulgi</strong></span> <span class='ocrx_word' id='word_1_31' title='bbox 556 814 737 883; x_wconf 87' lang='lat' dir='ltr'><strong>captu</strong></span> <span class='ocrx_word' id='word_1_32' title='bbox 777 807 994 866; x_wconf 90' lang='lat' dir='ltr'><strong>melior</strong></span> <span class='ocrx_word' id='word_1_33' title='bbox 1040 820 1255 867; x_wconf 88' lang='lat' dir='ltr'><strong>natura</strong></span> <span class='ocrx_word' id='word_1_34' title='bbox 1292 809 1566 867; x_wconf 87' lang='lat' dir='ltr'><strong>redemit.</strong></span> 
     </span>
    </p>

    <p class='ocr_par' dir='ltr' id='par_1_6' title="bbox 241 892 1916 1123">
     <span class='ocr_line' id='line_1_8' title="bbox 241 892 1853 967; baseline 0 -16"><span class='ocrx_word' id='word_1_35' title='bbox 241 892 528 952; x_wconf 87' lang='lat' dir='ltr'><strong>Flumina</strong></span> <span class='ocrx_word' id='word_1_36' title='bbox 567 900 629 949; x_wconf 91' lang='lat' dir='ltr'><strong>tu</strong></span> <span class='ocrx_word' id='word_1_37' title='bbox 679 901 929 967; x_wconf 81' lang='lat' dir='ltr'><strong>poteras</strong></span> <span class='ocrx_word' id='word_1_38' title='bbox 974 902 1241 951; x_wconf 83' lang='lat' dir='ltr'><strong>veterum</strong></span> <span class='ocrx_word' id='word_1_39' title='bbox 1280 893 1543 952; x_wconf 85' lang='lat' dir='ltr'><strong>facunda</strong></span> <span class='ocrx_word' id='word_1_40' title='bbox 1584 893 1853 951; x_wconf 86' lang='lat' dir='ltr'><strong>virorum</strong></span> 
     </span>
     <span class='ocr_line' id='line_1_9' title="bbox 244 977 1916 1055; baseline 0.002 -19"><span class='ocrx_word' id='word_1_41' title='bbox 244 977 552 1048; x_wconf 75' lang='lat' dir='ltr'><strong>Reddere,</strong></span> <span class='ocrx_word' id='word_1_42' title='bbox 592 977 903 1036; x_wconf 81' lang='lat' dir='ltr'><strong>sermonis</strong></span> <span class='ocrx_word' id='word_1_43' title='bbox 944 979 1159 1055; x_wconf 87' lang='lat' dir='ltr'><strong>genios</strong></span> <span class='ocrx_word' id='word_1_44' title='bbox 1201 995 1534 1037; x_wconf 87' lang='lat' dir='ltr'><strong>conversus</strong></span> <span class='ocrx_word' id='word_1_45' title='bbox 1578 978 1642 1035; x_wconf 86' lang='lat' dir='ltr'><strong>in</strong></span> <span class='ocrx_word' id='word_1_46' title='bbox 1686 998 1916 1040; x_wconf 89' lang='lat' dir='ltr'><strong>omnes.</strong></span> 
     </span>
     <span class='ocr_line' id='line_1_10' title="bbox 244 1062 1645 1123; baseline 0 -3"><span class='ocrx_word' id='word_1_47' title='bbox 244 1062 338 1120; x_wconf 92' lang='lat' dir='ltr'><strong>Te</strong></span> <span class='ocrx_word' id='word_1_48' title='bbox 389 1069 652 1120; x_wconf 82' lang='lat' dir='ltr'><strong>conante</strong></span> <span class='ocrx_word' id='word_1_49' title='bbox 693 1063 819 1120; x_wconf 88' lang='lat' dir='ltr'><strong>oris</strong></span> <span class='ocrx_word' id='word_1_50' title='bbox 864 1063 1020 1123; x_wconf 88' lang='lat' dir='ltr'><strong>dites</strong></span> <span class='ocrx_word' id='word_1_51' title='bbox 1070 1064 1378 1121; x_wconf 88' lang='lat' dir='ltr'><strong>effundere</strong></span> <span class='ocrx_word' id='word_1_52' title='bbox 1425 1081 1645 1121; x_wconf 87' lang='lat' dir='ltr'><strong>census</strong></span> 
     </span>
    </p>

    <p class='ocr_par' dir='ltr' id='par_1_7' title="bbox 244 1146 1971 1305">
     <span class='ocr_line' id='line_1_11' title="bbox 245 1146 1971 1223; baseline 0.002 -19"><span class='ocrx_word' id='word_1_53' title='bbox 245 1146 356 1205; x_wconf 89' lang='lat' dir='ltr'><strong>Vis</strong></span> <span class='ocrx_word' id='word_1_54' title='bbox 402 1155 509 1204; x_wconf 87' lang='lat' dir='ltr'><strong>tua</strong></span> <span class='ocrx_word' id='word_1_55' title='bbox 554 1146 950 1221; x_wconf 85' lang='lat' dir='ltr'><strong>Sisyphiden,</strong></span> <span class='ocrx_word' id='word_1_56' title='bbox 996 1149 1263 1207; x_wconf 80' lang='lat' dir='ltr'><strong>brevitas</strong></span> <span class='ocrx_word' id='word_1_57' title='bbox 1305 1156 1660 1223; x_wconf 80' lang='lat' dir='ltr'><strong>superasset</strong></span> <span class='ocrx_word' id='word_1_58' title='bbox 1693 1149 1971 1222; x_wconf 87' lang='lat' dir='ltr'><strong>Atriden,</strong></span> 
     </span>
     <span class='ocr_line' id='line_1_12' title="bbox 244 1230 1669 1305; baseline -0.001 -15"><span class='ocrx_word' id='word_1_59' title='bbox 244 1231 517 1290; x_wconf 87' lang='lat' dir='ltr'><strong>Mellitus</strong></span> <span class='ocrx_word' id='word_1_60' title='bbox 561 1230 804 1305; x_wconf 87' lang='lat' dir='ltr'><strong>Pylium</strong></span> <span class='ocrx_word' id='word_1_61' title='bbox 852 1233 1102 1291; x_wconf 82' lang='lat' dir='ltr'><strong>vicisset</strong></span> <span class='ocrx_word' id='word_1_62' title='bbox 1144 1233 1411 1292; x_wconf 86' lang='lat' dir='ltr'><strong>Nestora</strong></span> <span class='ocrx_word' id='word_1_63' title='bbox 1456 1251 1669 1290; x_wconf 89' lang='lat' dir='ltr'><strong>serm0.</strong></span> 
     </span>
    </p>

    <p class='ocr_par' dir='ltr' id='par_1_8' title="bbox 241 1315 1810 1564">
     <span class='ocr_line' id='line_1_13' title="bbox 246 1315 1734 1387; baseline -0.002 -12"><span class='ocrx_word' id='word_1_64' title='bbox 246 1315 372 1376; x_wconf 90' lang='lat' dir='ltr'><strong>Sed</strong></span> <span class='ocrx_word' id='word_1_65' title='bbox 416 1325 475 1373; x_wconf 90' lang='lat' dir='ltr'><strong>te</strong></span> <span class='ocrx_word' id='word_1_66' title='bbox 524 1324 775 1373; x_wconf 88' lang='lat' dir='ltr'><strong>naturae</strong></span> <span class='ocrx_word' id='word_1_67' title='bbox 817 1318 1197 1375; x_wconf 86' lang='lat' dir='ltr'><strong>cohibentem</strong></span> <span class='ocrx_word' id='word_1_68' title='bbox 1240 1318 1508 1379; x_wconf 81' lang='lat' dir='ltr'><strong>maxima</strong></span> <span class='ocrx_word' id='word_1_69' title='bbox 1549 1316 1734 1387; x_wconf 87' lang='lat' dir='ltr'><strong>dona,</strong></span> 
     </span>
     <span class='ocr_line' id='line_1_14' title="bbox 241 1400 1800 1470; baseline 0.001 -11"><span class='ocrx_word' id='word_1_70' title='bbox 241 1400 757 1470; x_wconf 57' lang='lat' dir='ltr'><strong>Frenantemque,</strong></span> <span class='ocrx_word' id='word_1_71' title='bbox 779 1402 932 1461; x_wconf 87' lang='lat' dir='ltr'><strong>citos</strong></span> <span class='ocrx_word' id='word_1_72' title='bbox 981 1402 1141 1460; x_wconf 89' lang='lat' dir='ltr'><strong>intra</strong></span> <span class='ocrx_word' id='word_1_73' title='bbox 1183 1411 1289 1459; x_wconf 88' lang='lat' dir='ltr'><strong>tua</strong></span> <span class='ocrx_word' id='word_1_74' title='bbox 1329 1402 1542 1459; x_wconf 88' lang='lat' dir='ltr'><strong>limina</strong></span> <span class='ocrx_word' id='word_1_75' title='bbox 1593 1420 1800 1460; x_wconf 85' lang='lat' dir='ltr'><strong>currus</strong></span> 
     </span>
     <span class='ocr_line' id='line_1_15' title="bbox 242 1485 1810 1564; baseline 0.001 -22"><span class='ocrx_word' id='word_1_76' title='bbox 242 1485 491 1564; x_wconf 86' lang='lat' dir='ltr'><strong>Regula</strong></span> <span class='ocrx_word' id='word_1_77' title='bbox 532 1486 859 1544; x_wconf 85' lang='lat' dir='ltr'><strong>summovit</strong></span> <span class='ocrx_word' id='word_1_78' title='bbox 902 1487 1148 1564; x_wconf 87' lang='lat' dir='ltr'><strong>linguae</strong></span> <span class='ocrx_word' id='word_1_79' title='bbox 1190 1486 1265 1544; x_wconf 92' lang='lat' dir='ltr'><strong>de</strong></span> <span class='ocrx_word' id='word_1_80' title='bbox 1308 1487 1585 1563; x_wconf 89' lang='lat' dir='ltr'><strong>pluribus</strong></span> <span class='ocrx_word' id='word_1_81' title='bbox 1626 1506 1810 1544; x_wconf 89' lang='lat' dir='ltr'><strong>unum</strong></span> 
     </span>
    </p>

    <p class='ocr_par' dir='ltr' id='par_1_9' title="bbox 242 1571 1773 1648">
     <span class='ocr_line' id='line_1_16' title="bbox 242 1571 1773 1648; baseline 0.001 -21"><span class='ocrx_word' id='word_1_82' title='bbox 242 1571 317 1628; x_wconf 92' lang='lat' dir='ltr'><strong>In</strong></span> <span class='ocrx_word' id='word_1_83' title='bbox 359 1589 579 1648; x_wconf 89' lang='lat' dir='ltr'><strong>genus,</strong></span> <span class='ocrx_word' id='word_1_84' title='bbox 621 1571 947 1647; x_wconf 85' lang='lat' dir='ltr'><strong>optandum</strong></span> <span class='ocrx_word' id='word_1_85' title='bbox 984 1572 1214 1643; x_wconf 90' lang='lat' dir='ltr'><strong>multis,</strong></span> <span class='ocrx_word' id='word_1_86' title='bbox 1262 1571 1556 1629; x_wconf 87' lang='lat' dir='ltr'><strong>imitabile</strong></span> <span class='ocrx_word' id='word_1_87' title='bbox 1596 1571 1773 1629; x_wconf 86' lang='lat' dir='ltr'><strong>nulli:</strong></span> 
     </span>
    </p>

    <p class='ocr_par' dir='ltr' id='par_1_10' title="bbox 243 1653 1741 1731">
     <span class='ocr_line' id='line_1_17' title="bbox 243 1653 1741 1731; baseline 0.001 -19"><span class='ocrx_word' id='word_1_88' title='bbox 243 1653 382 1729; x_wconf 81' lang='lat' dir='ltr'><strong>Quo</strong></span> <span class='ocrx_word' id='word_1_89' title='bbox 428 1656 566 1727; x_wconf 84' lang='lat' dir='ltr'><strong>tibi,</strong></span> <span class='ocrx_word' id='word_1_90' title='bbox 609 1676 732 1714; x_wconf 92' lang='lat' dir='ltr'><strong>non</strong></span> <span class='ocrx_word' id='word_1_91' title='bbox 778 1657 903 1728; x_wconf 90' lang='lat' dir='ltr'><strong>alii,</strong></span> <span class='ocrx_word' id='word_1_92' title='bbox 949 1657 1201 1715; x_wconf 87' lang='lat' dir='ltr'><strong>deberes</strong></span> <span class='ocrx_word' id='word_1_93' title='bbox 1249 1675 1395 1715; x_wconf 83' lang='lat' dir='ltr'><strong>orsa</strong></span> <span class='ocrx_word' id='word_1_94' title='bbox 1430 1656 1741 1731; x_wconf 88' lang='lat' dir='ltr'><strong>loquendi,</strong></span> 
     </span>
    </p>

    <p class='ocr_par' dir='ltr' id='par_1_11' title="bbox 242 1739 1609 1818">
     <span class='ocr_line' id='line_1_18' title="bbox 242 1739 1609 1818; baseline 0.001 -21"><span class='ocrx_word' id='word_1_95' title='bbox 242 1741 318 1797; x_wconf 92' lang='lat' dir='ltr'><strong>In</strong></span> <span class='ocrx_word' id='word_1_96' title='bbox 363 1760 487 1817; x_wconf 89' lang='lat' dir='ltr'><strong>quo</strong></span> <span class='ocrx_word' id='word_1_97' title='bbox 534 1739 792 1800; x_wconf 88' lang='lat' dir='ltr'><strong>Nelides</strong></span> <span class='ocrx_word' id='word_1_98' title='bbox 838 1743 1318 1818; x_wconf 90' lang='lat' dir='ltr'><strong>Laertiadesque</strong></span> <span class='ocrx_word' id='word_1_99' title='bbox 1360 1760 1609 1800; x_wconf 88' lang='lat' dir='ltr'><strong>recessu</strong></span> 
     </span>
    </p>

    <p class='ocr_par' dir='ltr' id='par_1_12' title="bbox 245 1823 1721 1902">
     <span class='ocr_line' id='line_1_19' title="bbox 245 1823 1721 1902; baseline 0 -17"><span class='ocrx_word' id='word_1_100' title='bbox 245 1823 329 1885; x_wconf 91' lang='lat' dir='ltr'><strong>Se</strong></span> <span class='ocrx_word' id='word_1_101' title='bbox 368 1826 571 1884; x_wconf 86' lang='lat' dir='ltr'><strong>victos</strong></span> <span class='ocrx_word' id='word_1_102' title='bbox 608 1825 806 1902; x_wconf 86' lang='lat' dir='ltr'><strong>long0,</strong></span> <span class='ocrx_word' id='word_1_103' title='bbox 848 1826 1070 1885; x_wconf 83' lang='lat' dir='ltr'><strong>victum</strong></span> <span class='ocrx_word' id='word_1_104' title='bbox 1118 1846 1185 1886; x_wconf 90' lang='lat' dir='ltr'><strong>se</strong></span> <span class='ocrx_word' id='word_1_105' title='bbox 1238 1827 1422 1885; x_wconf 89' lang='lat' dir='ltr'><strong>sciret</strong></span> <span class='ocrx_word' id='word_1_106' title='bbox 1459 1825 1721 1885; x_wconf 87' lang='lat' dir='ltr'><strong>Atrides.</strong></span> 
     </span>
    </p>

    <p class='ocr_par' dir='ltr' id='par_1_13' title="bbox 243 1910 1892 2245">
     <span class='ocr_line' id='line_1_20' title="bbox 246 1910 1640 1987; baseline -0.002 -17"><span class='ocrx_word' id='word_1_107' title='bbox 246 1911 374 1970; x_wconf 89' lang='lat' dir='ltr'><strong>Ore</strong></span> <span class='ocrx_word' id='word_1_108' title='bbox 419 1918 526 1968; x_wconf 92' lang='lat' dir='ltr'><strong>tuo</strong></span> <span class='ocrx_word' id='word_1_109' title='bbox 573 1910 857 1985; x_wconf 86' lang='lat' dir='ltr'><strong>loqueris,</strong></span> <span class='ocrx_word' id='word_1_110' title='bbox 903 1913 1054 1969; x_wconf 91' lang='lat' dir='ltr'><strong>nulli</strong></span> <span class='ocrx_word' id='word_1_111' title='bbox 1101 1912 1336 1970; x_wconf 89' lang='lat' dir='ltr'><strong>sulcata</strong></span> <span class='ocrx_word' id='word_1_112' title='bbox 1379 1911 1640 1987; x_wconf 88' lang='lat' dir='ltr'><strong>priorum</strong></span> 
     </span>
     <span class='ocr_line' id='line_1_21' title="bbox 246 1996 1892 2074; baseline 0.003 -21"><span class='ocrx_word' id='word_1_113' title='bbox 246 1998 533 2070; x_wconf 89' lang='lat' dir='ltr'><strong>Aequora</strong></span> <span class='ocrx_word' id='word_1_114' title='bbox 576 1997 943 2070; x_wconf 84' lang='lat' dir='ltr'><strong>pervolitans</strong></span> <span class='ocrx_word' id='word_1_115' title='bbox 989 1998 1164 2074; x_wconf 83' lang='lat' dir='ltr'><strong>priva</strong></span> <span class='ocrx_word' id='word_1_116' title='bbox 1205 2005 1336 2054; x_wconf 91' lang='lat' dir='ltr'><strong>rate</strong></span> <span class='ocrx_word' id='word_1_117' title='bbox 1380 1996 1635 2054; x_wconf 88' lang='lat' dir='ltr'><strong>carbasa</strong></span> <span class='ocrx_word' id='word_1_118' title='bbox 1672 1997 1892 2058; x_wconf 90' lang='lat' dir='ltr'><strong>tendis.</strong></span> 
     </span>
     <span class='ocr_line' id='line_1_22' title="bbox 244 2079 1781 2158; baseline 0.003 -19"><span class='ocrx_word' id='word_1_119' title='bbox 244 2079 384 2139; x_wconf 88' lang='lat' dir='ltr'><strong>Nec</strong></span> <span class='ocrx_word' id='word_1_120' title='bbox 430 2082 536 2139; x_wconf 77' lang='lat' dir='ltr'><strong>tua&#39;</strong></span> <span class='ocrx_word' id='word_1_121' title='bbox 575 2088 668 2139; x_wconf 91' lang='lat' dir='ltr'><strong>tot</strong></span> <span class='ocrx_word' id='word_1_122' title='bbox 708 2101 876 2141; x_wconf 90' lang='lat' dir='ltr'><strong>raras</strong></span> <span class='ocrx_word' id='word_1_123' title='bbox 924 2083 1267 2141; x_wconf 86' lang='lat' dir='ltr'><strong>habitantes</strong></span> <span class='ocrx_word' id='word_1_124' title='bbox 1309 2089 1563 2158; x_wconf 82' lang='lat' dir='ltr'><strong>pectora</strong></span> <span class='ocrx_word' id='word_1_125' title='bbox 1609 2081 1781 2143; x_wconf 86' lang='lat' dir='ltr'><strong>dotes</strong></span> 
     </span>
     <span class='ocr_line' id='line_1_23' title="bbox 243 2165 1532 2245; baseline 0.004 -24"><span class='ocrx_word' id='word_1_126' title='bbox 243 2165 452 2227; x_wconf 89' lang='lat' dir='ltr'><strong>Ullius</strong></span> <span class='ocrx_word' id='word_1_127' title='bbox 498 2166 686 2224; x_wconf 85' lang='lat' dir='ltr'><strong>virtus</strong></span> <span class='ocrx_word' id='word_1_128' title='bbox 733 2168 1036 2225; x_wconf 85' lang='lat' dir='ltr'><strong>effinxerit</strong></span> <span class='ocrx_word' id='word_1_129' title='bbox 1074 2168 1256 2245; x_wconf 88' lang='lat' dir='ltr'><strong>ignea</strong></span> <span class='ocrx_word' id='word_1_130' title='bbox 1289 2168 1532 2238; x_wconf 73' lang='lat' dir='ltr'><strong>mentia,</strong></span> 
     </span>
    </p>

    <p class='ocr_par' dir='ltr' id='par_1_14' title="bbox 244 2249 1967 2499">
     <span class='ocr_line' id='line_1_24' title="bbox 244 2249 1967 2329; baseline 0.003 -20"><span class='ocrx_word' id='word_1_131' title='bbox 244 2249 384 2309; x_wconf 88' lang='lat' dir='ltr'><strong>Nec</strong></span> <span class='ocrx_word' id='word_1_132' title='bbox 433 2269 732 2309; x_wconf 89' lang='lat' dir='ltr'><strong>summum</strong></span> <span class='ocrx_word' id='word_1_133' title='bbox 777 2253 1000 2327; x_wconf 90' lang='lat' dir='ltr'><strong>eloquii</strong></span> <span class='ocrx_word' id='word_1_134' title='bbox 1047 2253 1390 2311; x_wconf 85' lang='lat' dir='ltr'><strong>simulatrix</strong></span> <span class='ocrx_word' id='word_1_135' title='bbox 1430 2252 1640 2329; x_wconf 88' lang='lat' dir='ltr'><strong>lingua</strong></span> <span class='ocrx_word' id='word_1_136' title='bbox 1683 2253 1967 2326; x_wconf 86' lang='lat' dir='ltr'><strong>colorem,</strong></span> 
     </span>
     <span class='ocr_line' id='line_1_25' title="bbox 245 2334 1889 2414; baseline 0.002 -20"><span class='ocrx_word' id='word_1_137' title='bbox 245 2334 396 2394; x_wconf 87' lang='lat' dir='ltr'><strong>Non</strong></span> <span class='ocrx_word' id='word_1_138' title='bbox 443 2335 665 2392; x_wconf 83' lang='lat' dir='ltr'><strong>calami</strong></span> <span class='ocrx_word' id='word_1_139' title='bbox 703 2356 904 2395; x_wconf 89' lang='lat' dir='ltr'><strong>mores</strong></span> <span class='ocrx_word' id='word_1_140' title='bbox 952 2337 1327 2414; x_wconf 84' lang='lat' dir='ltr'><strong>expresserit</strong></span> <span class='ocrx_word' id='word_1_141' title='bbox 1371 2337 1611 2394; x_wconf 90' lang='lat' dir='ltr'><strong>aemula</strong></span> <span class='ocrx_word' id='word_1_142' title='bbox 1654 2338 1889 2397; x_wconf 86' lang='lat' dir='ltr'><strong>dextra.</strong></span> 
     </span>
     <span class='ocr_line' id='line_1_26' title="bbox 247 2420 1795 2499; baseline -0.001 -18"><span class='ocrx_word' id='word_1_143' title='bbox 247 2420 373 2481; x_wconf 82' lang='lat' dir='ltr'><strong>Sed</strong></span> <span class='ocrx_word' id='word_1_144' title='bbox 416 2422 757 2496; x_wconf 89' lang='lat' dir='ltr'><strong>quicunque</strong></span> <span class='ocrx_word' id='word_1_145' title='bbox 798 2422 1009 2480; x_wconf 88' lang='lat' dir='ltr'><strong>volunt</strong></span> <span class='ocrx_word' id='word_1_146' title='bbox 1049 2423 1158 2480; x_wconf 93' lang='lat' dir='ltr'><strong>illo</strong></span> <span class='ocrx_word' id='word_1_147' title='bbox 1205 2423 1523 2479; x_wconf 89' lang='lat' dir='ltr'><strong>decurrere</strong></span> <span class='ocrx_word' id='word_1_148' title='bbox 1564 2440 1795 2499; x_wconf 87' lang='lat' dir='ltr'><strong>camp0,</strong></span> 
     </span>
    </p>

    <p class='ocr_par' dir='ltr' id='par_1_15' title="bbox 244 2506 1882 2840">
     <span class='ocr_line' id='line_1_27' title="bbox 244 2506 1726 2579; baseline 0.001 -17"><span class='ocrx_word' id='word_1_149' title='bbox 244 2506 371 2563; x_wconf 91' lang='lat' dir='ltr'><strong>Per</strong></span> <span class='ocrx_word' id='word_1_150' title='bbox 419 2524 596 2579; x_wconf 90' lang='lat' dir='ltr'><strong>quem</strong></span> <span class='ocrx_word' id='word_1_151' title='bbox 646 2506 921 2565; x_wconf 84' lang='lat' dir='ltr'><strong>victrices</strong></span> <span class='ocrx_word' id='word_1_152' title='bbox 961 2508 1184 2565; x_wconf 84' lang='lat' dir='ltr'><strong>flexisti</strong></span> <span class='ocrx_word' id='word_1_153' title='bbox 1224 2507 1391 2566; x_wconf 89' lang='lat' dir='ltr'><strong>solus</strong></span> <span class='ocrx_word' id='word_1_154' title='bbox 1434 2507 1726 2579; x_wconf 82' lang='lat' dir='ltr'><strong>habenas,</strong></span> 
     </span>
     <span class='ocr_line' id='line_1_28' title="bbox 247 2591 1882 2668; baseline -0.001 -20"><span class='ocrx_word' id='word_1_155' title='bbox 247 2591 621 2648; x_wconf 90' lang='lat' dir='ltr'><strong>Verberibus</strong></span> <span class='ocrx_word' id='word_1_156' title='bbox 668 2591 864 2650; x_wconf 88' lang='lat' dir='ltr'><strong>surdis</strong></span> <span class='ocrx_word' id='word_1_157' title='bbox 915 2610 1154 2650; x_wconf 87' lang='lat' dir='ltr'><strong>servum</strong></span> <span class='ocrx_word' id='word_1_158' title='bbox 1194 2610 1384 2668; x_wconf 86' lang='lat' dir='ltr'><strong>pecus</strong></span> <span class='ocrx_word' id='word_1_159' title='bbox 1431 2610 1575 2648; x_wconf 86' lang='lat' dir='ltr'><strong>aera</strong></span> <span class='ocrx_word' id='word_1_160' title='bbox 1607 2591 1882 2663; x_wconf 88' lang='lat' dir='ltr'><strong>caedunt,</strong></span> 
     </span>
     <span class='ocr_line' id='line_1_29' title="bbox 247 2675 1670 2752; baseline 0 -19"><span class='ocrx_word' id='word_1_161' title='bbox 247 2676 329 2733; x_wconf 89' lang='lat' dir='ltr'><strong>Et</strong></span> <span class='ocrx_word' id='word_1_162' title='bbox 370 2676 545 2733; x_wconf 83' lang='lat' dir='ltr'><strong>vanis</strong></span> <span class='ocrx_word' id='word_1_163' title='bbox 585 2675 838 2751; x_wconf 90' lang='lat' dir='ltr'><strong>implent</strong></span> <span class='ocrx_word' id='word_1_164' title='bbox 865 2677 1146 2734; x_wconf 88' lang='lat' dir='ltr'><strong>Danaeia</strong></span> <span class='ocrx_word' id='word_1_165' title='bbox 1186 2676 1347 2734; x_wconf 91' lang='lat' dir='ltr'><strong>dolia</strong></span> <span class='ocrx_word' id='word_1_166' title='bbox 1383 2675 1670 2752; x_wconf 79' lang='lat' dir='ltr'><strong>lymphiS,</strong></span> 
     </span>
     <span class='ocr_line' id='line_1_30' title="bbox 247 2761 1714 2840; baseline 0 -22"><span class='ocrx_word' id='word_1_167' title='bbox 247 2761 595 2819; x_wconf 88' lang='lat' dir='ltr'><strong>Immeritas</strong></span> <span class='ocrx_word' id='word_1_168' title='bbox 637 2761 803 2820; x_wconf 86' lang='lat' dir='ltr'><strong>soliti</strong></span> <span class='ocrx_word' id='word_1_169' title='bbox 844 2762 1020 2839; x_wconf 87' lang='lat' dir='ltr'><strong>nugis</strong></span> <span class='ocrx_word' id='word_1_170' title='bbox 1064 2762 1413 2840; x_wconf 88' lang='lat' dir='ltr'><strong>disperdere</strong></span> <span class='ocrx_word' id='word_1_171' title='bbox 1452 2761 1714 2832; x_wconf 85' lang='lat' dir='ltr'><strong>chartas,</strong></span> 
     </span>
    </p>

    <p class='ocr_par' dir='ltr' id='par_1_16' title="bbox 246 2846 2028 3602">
     <span class='ocr_line' id='line_1_31' title="bbox 246 2846 1743 2922; baseline 0 -19"><span class='ocrx_word' id='word_1_172' title='bbox 246 2846 456 2922; x_wconf 86' lang='lat' dir='ltr'><strong>Ignari</strong></span> <span class='ocrx_word' id='word_1_173' title='bbox 494 2847 812 2919; x_wconf 83' lang='lat' dir='ltr'><strong>quaedam,</strong></span> <span class='ocrx_word' id='word_1_174' title='bbox 860 2866 1014 2921; x_wconf 87' lang='lat' dir='ltr'><strong>quae</strong></span> <span class='ocrx_word' id='word_1_175' title='bbox 1055 2848 1156 2904; x_wconf 87' lang='lat' dir='ltr'><strong>dat</strong></span> <span class='ocrx_word' id='word_1_176' title='bbox 1199 2855 1414 2904; x_wconf 87' lang='lat' dir='ltr'><strong>natura</strong></span> <span class='ocrx_word' id='word_1_177' title='bbox 1457 2846 1743 2916; x_wconf 84' lang='lat' dir='ltr'><strong>creatrix,</strong></span> 
     </span>
     <span class='ocr_line' id='line_1_32' title="bbox 248 2930 1816 3005; baseline -0.001 -17"><span class='ocrx_word' id='word_1_178' title='bbox 248 2930 626 2988; x_wconf 88' lang='lat' dir='ltr'><strong>Admiranda</strong></span> <span class='ocrx_word' id='word_1_179' title='bbox 668 2932 834 3003; x_wconf 74' lang='lat' dir='ltr'><strong>viriS,</strong></span> <span class='ocrx_word' id='word_1_180' title='bbox 881 2932 989 2990; x_wconf 89' lang='lat' dir='ltr'><strong>sed</strong></span> <span class='ocrx_word' id='word_1_181' title='bbox 1036 2951 1151 2989; x_wconf 92' lang='lat' dir='ltr'><strong>non</strong></span> <span class='ocrx_word' id='word_1_182' title='bbox 1192 2931 1504 3002; x_wconf 89' lang='lat' dir='ltr'><strong>imitanda,</strong></span> <span class='ocrx_word' id='word_1_183' title='bbox 1542 2930 1816 3005; x_wconf 90' lang='lat' dir='ltr'><strong>relinqui.</strong></span> 
     </span>
     <span class='ocr_line' id='line_1_33' title="bbox 246 3015 1875 3092; baseline 0 -19"><span class='ocrx_word' id='word_1_184' title='bbox 246 3015 565 3073; x_wconf 89' lang='lat' dir='ltr'><strong>Hactenus</strong></span> <span class='ocrx_word' id='word_1_185' title='bbox 609 3017 725 3073; x_wconf 90' lang='lat' dir='ltr'><strong>hac</strong></span> <span class='ocrx_word' id='word_1_186' title='bbox 766 3024 1013 3092; x_wconf 86' lang='lat' dir='ltr'><strong>poteras</strong></span> <span class='ocrx_word' id='word_1_187' title='bbox 1059 3025 1370 3074; x_wconf 87' lang='lat' dir='ltr'><strong>contentus</strong></span> <span class='ocrx_word' id='word_1_188' title='bbox 1422 3017 1625 3074; x_wconf 85' lang='lat' dir='ltr'><strong>vivere</strong></span> <span class='ocrx_word' id='word_1_189' title='bbox 1671 3016 1875 3073; x_wconf 86' lang='lat' dir='ltr'><strong>laude:</strong></span> 
     </span>
     <span class='ocr_line' id='line_1_34' title="bbox 247 3099 1799 3178; baseline -0.002 -19"><span class='ocrx_word' id='word_1_190' title='bbox 247 3099 399 3159; x_wconf 85' lang='lat' dir='ltr'><strong>Non</strong></span> <span class='ocrx_word' id='word_1_191' title='bbox 444 3109 645 3157; x_wconf 88' lang='lat' dir='ltr'><strong>tamen</strong></span> <span class='ocrx_word' id='word_1_192' title='bbox 688 3102 995 3178; x_wconf 86' lang='lat' dir='ltr'><strong>ingenium</strong></span> <span class='ocrx_word' id='word_1_193' title='bbox 1040 3101 1192 3158; x_wconf 84' lang='lat' dir='ltr'><strong>felix</strong></span> <span class='ocrx_word' id='word_1_194' title='bbox 1233 3103 1350 3160; x_wconf 90' lang='lat' dir='ltr'><strong>hoc</strong></span> <span class='ocrx_word' id='word_1_195' title='bbox 1392 3103 1511 3159; x_wconf 89' lang='lat' dir='ltr'><strong>fine</strong></span> <span class='ocrx_word' id='word_1_196' title='bbox 1555 3100 1799 3176; x_wconf 82' lang='lat' dir='ltr'><strong>quievit.</strong></span> 
     </span>
     <span class='ocr_line' id='line_1_35' title="bbox 249 3184 1981 3262; baseline -0.001 -18"><span class='ocrx_word' id='word_1_197' title='bbox 249 3184 386 3244; x_wconf 90' lang='lat' dir='ltr'><strong>Nec</strong></span> <span class='ocrx_word' id='word_1_198' title='bbox 426 3186 596 3261; x_wconf 84' lang='lat' dir='ltr'><strong>prius</strong></span> <span class='ocrx_word' id='word_1_199' title='bbox 639 3186 902 3260; x_wconf 90' lang='lat' dir='ltr'><strong>imponis</strong></span> <span class='ocrx_word' id='word_1_200' title='bbox 951 3186 1167 3245; x_wconf 88' lang='lat' dir='ltr'><strong>studiis</strong></span> <span class='ocrx_word' id='word_1_201' title='bbox 1215 3195 1557 3262; x_wconf 88' lang='lat' dir='ltr'><strong>metamque</strong></span> <span class='ocrx_word' id='word_1_202' title='bbox 1596 3185 1981 3259; x_wconf 85' lang='lat' dir='ltr'><strong>modumque,</strong></span> 
     </span>
     <span class='ocr_line' id='line_1_36' title="bbox 252 3270 1947 3348; baseline 0.001 -22"><span class='ocrx_word' id='word_1_203' title='bbox 252 3270 452 3345; x_wconf 83' lang='lat' dir='ltr'><strong>Quam</strong></span> <span class='ocrx_word' id='word_1_204' title='bbox 494 3270 714 3328; x_wconf 87' lang='lat' dir='ltr'><strong>mentis</strong></span> <span class='ocrx_word' id='word_1_205' title='bbox 748 3271 1222 3347; x_wconf 87' lang='lat' dir='ltr'><strong>vigilesLatiae</strong></span> <span class='ocrx_word' id='word_1_206' title='bbox 1265 3291 1376 3348; x_wconf 91' lang='lat' dir='ltr'><strong>per</strong></span> <span class='ocrx_word' id='word_1_207' title='bbox 1413 3277 1618 3345; x_wconf 87' lang='lat' dir='ltr'><strong>operta</strong></span> <span class='ocrx_word' id='word_1_208' title='bbox 1665 3277 1947 3328; x_wconf 88' lang='lat' dir='ltr'><strong>senectae</strong></span> 
     </span>
     <span class='ocr_line' id='line_1_37' title="bbox 249 3355 1732 3430; baseline -0.001 -18"><span class='ocrx_word' id='word_1_209' title='bbox 249 3356 551 3413; x_wconf 90' lang='lat' dir='ltr'><strong>Immittas</strong></span> <span class='ocrx_word' id='word_1_210' title='bbox 601 3355 830 3427; x_wconf 87' lang='lat' dir='ltr'><strong>oculos,</strong></span> <span class='ocrx_word' id='word_1_211' title='bbox 878 3364 936 3414; x_wconf 90' lang='lat' dir='ltr'><strong>et</strong></span> <span class='ocrx_word' id='word_1_212' title='bbox 981 3356 1206 3415; x_wconf 88' lang='lat' dir='ltr'><strong>scrinia</strong></span> <span class='ocrx_word' id='word_1_213' title='bbox 1248 3355 1552 3430; x_wconf 88' lang='lat' dir='ltr'><strong>praepetis</strong></span> <span class='ocrx_word' id='word_1_214' title='bbox 1597 3355 1732 3411; x_wconf 88' lang='lat' dir='ltr'><strong>aevi</strong></span> 
     </span>
     <span class='ocr_line' id='line_1_38' title="bbox 249 3439 2028 3518; baseline 0.003 -21"><span class='ocrx_word' id='word_1_215' title='bbox 249 3440 621 3511; x_wconf 86' lang='lat' dir='ltr'><strong>Recludens,</strong></span> <span class='ocrx_word' id='word_1_216' title='bbox 668 3440 904 3498; x_wconf 88' lang='lat' dir='ltr'><strong>Romae</strong></span> <span class='ocrx_word' id='word_1_217' title='bbox 946 3460 1098 3518; x_wconf 88' lang='lat' dir='ltr'><strong>quas</strong></span> <span class='ocrx_word' id='word_1_218' title='bbox 1138 3460 1265 3498; x_wconf 85' lang='lat' dir='ltr'><strong>nox</strong></span> <span class='ocrx_word' id='word_1_219' title='bbox 1306 3440 1525 3516; x_wconf 85' lang='lat' dir='ltr'><strong>premit</strong></span> <span class='ocrx_word' id='word_1_220' title='bbox 1567 3439 1691 3496; x_wconf 89' lang='lat' dir='ltr'><strong>alta</strong></span> <span class='ocrx_word' id='word_1_221' title='bbox 1733 3440 1965 3513; x_wconf 56' lang='lat' dir='ltr'><strong>ruinae„</strong></span> <span class='ocrx_word' id='word_1_222' title='bbox 1999 3459 2028 3502; x_wconf 65' lang='grc' dir='ltr'><strong>ζ’</strong></span> 
     </span>
     <span class='ocr_line' id='line_1_39' title="bbox 248 3524 1718 3602; baseline -0.001 -20"><span class='ocrx_word' id='word_1_223' title='bbox 248 3524 324 3582; x_wconf 92' lang='lat' dir='ltr'><strong>In</strong></span> <span class='ocrx_word' id='word_1_224' title='bbox 371 3525 561 3583; x_wconf 90' lang='lat' dir='ltr'><strong>solem</strong></span> <span class='ocrx_word' id='word_1_225' title='bbox 603 3543 900 3602; x_wconf 85' lang='lat' dir='ltr'><strong>exponas,</strong></span> <span class='ocrx_word' id='word_1_226' title='bbox 943 3535 1002 3584; x_wconf 92' lang='lat' dir='ltr'><strong>et</strong></span> <span class='ocrx_word' id='word_1_227' title='bbox 1047 3525 1275 3584; x_wconf 89' lang='lat' dir='ltr'><strong>amanti</strong></span> <span class='ocrx_word' id='word_1_228' title='bbox 1315 3524 1478 3583; x_wconf 82' lang='lat' dir='ltr'><strong>seria</strong></span> <span class='ocrx_word' id='word_1_229' title='bbox 1518 3543 1718 3583; x_wconf 88' lang='lat' dir='ltr'><strong>rerum</strong></span> 
     </span>
    </p>
   </div>
   <div class='ocr_carea' id='block_1_4' title="bbox 1579 3607 1670 3667">
    <p class='ocr_par' dir='ltr' id='par_1_17' title="bbox 1579 3607 1670 3667">
     <span class='ocr_line' id='line_1_40' title="bbox 1579 3607 1670 3667; baseline 0 -29"><span class='ocrx_word' id='word_1_230' title='bbox 1579 3607 1670 3667; x_wconf 76' lang='lat'><strong>7.</strong></span> 
     </span>
    </p>
   </div>
  </div>
 </body>
</html>
