2452 4186
1051 332 1175 392 355

197 503 401 579 Ripae
447 500 555 560 sed
593 499 750 558 alios
793 511 971 574 atque
1018 501 1336 562 Teuchiris
1381 503 1525 580 iuga

196 587 419 644 Vicina
456 586 705 657 flebunt,
750 585 956 643 littore
999 586 1230 645 eiectos
1275 588 1485 662 procul

198 670 466 730 Atlantis
514 670 589 727 ad
637 669 878 727 deserta
925 671 1251 742 territoria,

198 755 491 815 Membris
535 763 858 812 nocentum
904 755 1247 815 lancinatos
1291 756 1685 833 fragminum:

197 843 478 917 Mopsum
524 839 944 897 Titaeroneum
990 841 1094 898 ubi
1145 839 1291 898 olim
1329 842 1571 900 navitae

197 926 392 984 Busto
435 924 708 981 indidere
750 933 1072 998 mortuum,
1116 938 1176 983 et
1216 927 1393 984 busto
1439 945 1624 1004 super

199 1009 484 1070 Statuere
532 1011 775 1085 cippum
818 1009 1131 1069 funebrem
1174 1013 1419 1088 Argoae
1455 1013 1645 1070 trabis

197 1095 559 1153 Transtrum
603 1094 927 1167 revulsum,
974 1095 1235 1153 manium
1284 1096 1619 1170 donarium,

198 1179 477 1257 Ausigda
522 1177 921 1255 Cinnyphaea
963 1180 1120 1253 quod
1166 1182 1374 1258 rigans
1419 1201 1576 1256 aqua

196 1266 249 1324 F
254 1264 512 1323 eeundat
549 1264 748 1321 undis.
787 1273 885 1322 ast
922 1264 1161 1322 alumno
1205 1265 1395 1323 Nerei

197 1349 436 1407 Tritoni
488 1346 734 1407 Colchis
783 1368 998 1407 munus
1052 1370 1208 1407 uxor
1252 1350 1485 1420 obtulit,

197 1436 402 1492 Lurae
445 1434 684 1509 capacis
727 1454 969 1491 aureum
1013 1435 1410 1507 carchesium,

196 1520 325 1577 Iter
365 1519 605 1576 docenti
648 1537 769 1593 qua
811 1538 921 1595 per
959 1528 1250 1596 angustas
1293 1520 1433 1577 freti

196 1605 490 1662 Immittat
535 1622 673 1662 aras
721 1603 955 1681 Tiphys
998 1605 1364 1663 incolumem
1407 1611 1614 1661 ratem.

195 1690 280 1748 Et
320 1689 453 1746 iura
496 1688 769 1747 Graecos
812 1690 1054 1747 Africae
1100 1708 1423 1766 capessere

195 1774 544 1851 Pontigena
582 1781 724 1831 tune
765 1774 1041 1833 biformis
1087 1783 1323 1833 asseret
1364 1774 1535 1844 deuo,

196 1858 351 1918 Cum
395 1878 612 1917 munus
664 1859 724 1916 id
755 1860 927 1934 plebs
963 1859 1225 1917 offerens
1273 1860 1639 1936 reciprocum

196 1944 465 2021 Libyssa
512 1943 806 2016 Graecae,
851 1945 1084 2021 patriae
1130 1953 1478 2019 exemptum
1523 1943 1719 2001 dabit:

196 2031 484 2105 Metuque
531 2030 638 2086 fati
682 2048 899 2100 munus
942 2031 1249 2107 Asbystae
1293 2030 1492 2088 infera

197 2115 465 2173 Telluris
513 2117 725 2173 umbra
769 2118 976 2175 subter
1012 2117 1284 2194 ignotum
1328 2117 1634 2193 obruent,

195 2201 321 2259 Ubi
365 2201 574 2257 ducem
615 2201 1013 2258 miserrimum
1058 2200 1491 2277 Cyphensium,

193 2284 260 2343 N
263 2293 554 2360 autasque
600 2286 679 2342 ad
716 2305 897 2343 unum
942 2286 1132 2343 fiabra
1176 2286 1452 2343 Volturni
1493 2292 1758 2361 egerent,

193 2372 278 2428 Et
322 2390 403 2428 ex
441 2370 708 2446 Palytris
754 2371 941 2427 filium
986 2369 1462 2440 TenthredoniS,

193 2456 743 2532 Amphrysiensem
784 2454 1118 2532 principem
1158 2453 1615 2530 Euryampium,

193 2541 276 2599 Et
317 2541 663 2616 optimatem
713 2540 1126 2617 s'axicorporis
1172 2540 1298 2615 lupi

194 2626 520 2702 Donorum
566 2626 834 2697 edacem,
881 2635 939 2683 et
986 2625 1263 2683 culminis
1308 2621 1742 2701 Tymphrestii.

194 2710 469 2783 Quorum
509 2711 749 2784 quidem
793 2714 1139 2788 Aegoneam
1184 2710 1291 2767 alii
1332 2709 1586 2784 patriam

193 2796 636 2854 Desiderantes
679 2803 857 2869 atque
899 2797 1194 2854 Echinum
1244 2804 1305 2852 et
1347 2795 1641 2865 Titarum‚
1738 2821 1742 2826 ¹

192 2881 502 2954 Irumque,
544 2889 667 2937 tum
707 2880 1032 2953 Trachina,
1076 2890 1200 2938 tum
1237 2880 1705 2938 Perrhoebieam

195 2964 437 3025 Gonum
480 2966 958 3040 Phalanumque,
1016 2974 1198 3040 atque
1244 2966 1603 3025 Olossorum
1652 2964 1808 3035 sola,

192 3052 272 3109 Et
315 3049 723 3123 Castanaean,
763 3051 1128 3127 insepultum
1171 3051 1234 3107 in
1279 3051 1529 3126 rupibus

194 3139 432 3194 Aevum
478 3136 776 3212 supremis
824 3136 1205 3193 eiulabuntur
1249 3136 1446 3194 malis.

197 3220 299 3281 Sic
339 3221 504 3278 aliud
547 3221 649 3278 alii
690 3222 871 3279 funus
920 3222 1205 3297 adiunget
1243 3219 1434 3292 DeuS,

193 3306 368 3364 Dura
404 3318 546 3363 ante
586 3307 814 3364 reditus
859 3307 1131 3363 excitans
1180 3304 1545 3364 discrimina.
1633 3298 1634 3301 ’

192 3391 375 3448 Illum
418 3392 640 3449 Aesari
683 3392 864 3463 unda,
910 3399 969 3449 et
1007 3390 1293 3467 oppidum
1340 3387 1693 3446 minutulum

196 3476 550 3549 Oenotriae,
592 3476 909 3549 Crimissa,
955 3476 1128 3533 torris
1171 3475 1344 3531 noxii

192 3559 565 3621 Stinctorem
611 3562 877 3634 habebit,
920 3579 1096 3637 quem
1139 3557 1458 3616 momordit
1479 3564 1765 3701 Ζθέξεῐη.

1727 3100 1754 3131 f

2021 1618 2127 1672 890

2023 2039 2126 2093 895

2022 2891 2123 2943 905

2020 3318 2122 3369 910
