2452 4186
1063 306 1182 367 129

221 466 515 550 Χρήματα
527 467 784 554 χρήματ’
800 470 1276 556 ἀνὴρ.πενιχρὸς
1287 470 1333 535 δ’
1356 469 1471 534 ἔστ’
1493 469 1770 535 οὐδέποτ’
1789 469 2031 539 ἐσθλός.

221 551 461 616 Ψεύδεα
506 553 668 637 ῥινὸς
708 554 968 638 ῦπερθεν
1015 558 1236 641 ἀραιῆς
1281 555 1395 619 οὐκ
1437 555 1760 639 ἀναφυσῶ.

207 633 357 721 Ὦρη
406 637 575 721 ἐρᾷν,
618 640 750 722 ὥρη
791 640 862 702 δὲ
910 646 1153 724 γαμεῖν,
1205 643 1338 726 ὥρη
1386 640 1455 702 δὲ
1497 640 1876 703 πεπαῦσθαι.

208 717 357 804 Ὥρη
404 721 513 804 μέν
559 745 652 785 τοι
700 724 1183 811 ἀπαμβλύνεται,
1229 725 1430 809 θυμὸς
1479 726 1551 788 δὲ
1594 729 1862 809 μενοινᾷ.

207 801 314 873 Ὦς
350 806 441 868 ἀν’
492 807 864 891 ἐχινόποδας
907 811 1009 873 καὶ
1057 810 1175 873 ἀνὰ
1215 813 1509 894 τρηχεῖαν
1550 809 1786 874 ὄνωνιν.

205 888 313 957 Ὣς
355 890 527 954 λύκοι
571 891 729 975 ἄρνα
773 894 1019 980 φιλεῦσ’
1071 896 1156 962 ὣς
1192 894 1390 957 παῖδα
1434 897 1710 979 φιλεῦσιν
1757 892 2028 976 ἐρασταί.

144 1000 148 1007 ·
205 972 313 1042 Ὣς
350 977 416 1038 τὸ
443 977 553 1058 μὲν
588 976 906 1060 ὠφέλιμον
928 981 1140 1056 καλὸν,
1183 980 1252 1042 τὸ
1283 979 1346 1040 δ”
1371 978 1720 1064 ἐπιβλαβὲς,
1756 976 2035 1063 αἰσχρόν.

206 1055 432 1142 Ὥσπερ
476 1060 901 1144 ἐλαιολόγους,
948 1069 1040 1149 τῷ
1076 1065 1293 1148 μισθὸν
1339 1061 1544 1170 ἔχοντι
1583 1062 1861 1126 ἕπεσθαι.

208 1138 433 1229 Ὥσπερ
478 1142 824 1229 Χαλκιδικὴ
869 1147 1110 1210 τέτοκεν
1149 1148 1299 1230 γυνὴ
1347 1147 1598 1216 εύτοκος
1637 1148 1803 1231 ἡμῖν.

206 1225 436 1307 'Amas
477 1228 554 1291 τὰ
595 1226 927 1313 Τελλῆνος.
969 1228 1284 1295 Κονιεῖται
1328 1234 1476 1317 βοῦς
1520 1231 1550 1293 ἐ
1611 1228 1626 1250 ²
1675 1232 1899 1315 ἑαυτῷ.
2009 1240 2010 1249 ’

212 1311 489 1391 ”Α[ι]δειν
543 1314 966 1398 δωροδοκιστί.
1012 1313 1157 1379 Τόδ’
1209 1315 1440 1379 εἴσεται
1478 1314 1549 1379 οὐ
1596 1316 1740 1398 εμία
1778 1313 1865 1382 ῦς.

223 1397 295 1459 Αἱ
332 1399 579 1481 χάριτες
628 1401 868 1481 γυμναί.
917 1397 1083 1468 Νοῦς
1128 1400 1243 1462 οὐκ
1292 1399 1381 1463 ἔνι
1427 1396 1848 1483 Κενταύροισι.

224 1481 495 1565 Αἰγιαλῷ
535 1482 802 1547 λαλέειν.
849 1482 1138 1569 Ποταμὸς
1185 1486 1268 1568 μὴ
1314 1483 1479 1569 ἔριζε
1516 1484 1828 1567 θαλάσσῃ.

224 1565 350 1628 Αἰεὶ
397 1567 450 1628 δ’
498 1567 536 1648 ἡ
583 1568 777 1652 Λιβύη
824 1592 879 1631 τι
912 1568 1122 1632 κακόν.
1178 1571 1501 1637 Δεκοίπους
1543 1570 1683 1631 σκιά
1725 1568 1868 1630 ἐστι.

220 1649 424 1719 Αἰετὸς
463 1650 525 1712 ἐν
567 1651 921 1736 νεφέλῃσιν.
994 1651 1178 1722 Ἔτος
1224 1653 1424 1739 φέρει,
1471 1652 1613 1737 οὐχὶ
1657 1651 1914 1738 ἄρουρα.

219 1733 478 1799 Αἰθίοπα
527 1738 806 1820 σμήχεις.
856 1734 948 1801 Οὐ
989 1739 1432 1823 δωροδοκεῖται
1476 1737 1754 1820 ἀλώπηξ.

221 1818 544 1883 Αἰκοίλλειν
593 1820 814 1905 κέρκῳ.
860 1819 1070 1885 Μανία
1111 1824 1165 1885 δ’
1219 1823 1292 1885 οὐ
1335 1827 1515 1886 πᾶσιν
1557 1823 1764 1904 ὁμοία.

221 1903 359 1985 Αἷμ’
408 1905 780 1968 Αἰσώπειον.
828 1903 1030 1970 Πίνων
1081 1906 1220 1989 μέλι
1263 1909 1534 1989 γλαῦκος
1577 1905 1817 1989 ἀνέστη.

219 1986 535 2058 Αἰξωνεύς.
569 1986 675 2051 Ἐν
724 1990 859 2074 ἅλῳ
902 1992 1282 2075 δρασκάζεις.
1314 1991 1509 2075 Ἀέρα
1547 1992 1764 2057 παίεις.
1797 2040 1801 2045 .

219 2070 482 2151 Αἰπόλος
527 2074 591 2137 ἐν
632 2074 922 2139 καύσωνι.
968 2073 1178 2161 Κρίσις
1209 2072 1692 2161 Ῥαδαμάνθυος
1736 2075 1913 2158 αὕτη.

220 2156 350 2241 Αἶρ’
394 2159 517 2223 ἀπὸ
562 2165 671 2242 τῆς
712 2161 1193 2246 καταδυομένης.
1222 2158 1302 2224 ‘O
1352 2162 1594 2229 νεοττὸς
1633 2160 1884 2244 Ἄρηος.

221 2239 530 2315 Ἀκκίζειν.
565 2244 762 2307 ’Άλλο
811 2245 1000 2326 γλαὺξ
1046 2246 1396 2330 φθέγγεται,
1439 2244 1591 2309 ἄλλο
1639 2247 1904 2328 κορώνη.

218 2324 404 2391 Ἀλλὰ
440 2329 595 2413 γύης
636 2330 806 2413 αὐτῷ
852 2330 965 2391 οὐκ
1007 2329 1152 2393 ἔστι.
1199 2329 1425 2412 [Ιαρὼν
1471 2330 1834 2410 ἀποδημεῖς.

212 2411 402 2476 'Aua
447 2414 609 2498 παρ’
646 2411 859 2482 ἄλλοις
892 2417 1070 2477 καλοί.
1118 2412 1376 2497 Κιχάνει
1419 2435 1512 2475 τοι
1560 2413 1788 2495 βραδὺς
1827 2410 2011 2474 ὠκύν.

215 2493 401 2561 Ἀλλὰ
437 2498 497 2560 τί
537 2499 788 2583 μηνύεις
831 2499 999 2560 κυσὶν
1051 2497 1264 2560 ὀστέον
1281 2521 1298 2572 3
1347 2494 1499 2559 Οὐδ’
1551 2496 1673 2558 ἅλα
1720 2496 1908 2579 δοίης.

208 2578 431 2645 Ἀλλαν
480 2584 629 2666 δρῦν
680 2584 988 2667 βαλάνιζε.
1029 2579 1245 2645 Κακοῦ
1287 2581 1553 2664 κόρακος
1597 2581 1783 2643 κακὸν
1832 2580 1978 2644 ὠόν.

210 2663 397 2729 ’Άλλο
442 2666 624 2749 γένος
664 2669 894 2749 κώπης.
938 2666 1207 2749 Ἀγαῦοί
1248 2666 1302 2727 δ’
1354 2666 1720 2750 ἀριδοίκρυες
1761 2663 1995 2748 ἄνδρες.

215 2746 780 2836 Ἀλλοπρόσαλλος.
830 2751 1273 2834 Ἀτιμαγελεῖν.
1307 2749 1495 2818 Πόλις
1520 2748 1712 2833 ἄνδρα
1746 2749 2038 2812 διδάσκει.

209 2832 449 2905 Ἀλλως
499 2838 600 2899 σοὶ
649 2837 816 2920 ὕδωρ
866 2836 1274 2899 ἀναλίσκεται.
1325 2831 1415 2899 Οὐ
1467 2834 1633 2917 μάλα
1677 2839 1884 2918 κυκᾷς.

210 2917 569 3005 Ἀμφιθέτῳ
612 2919 796 2989 ἔπιες.
840 2917 961 2983 Τὸν
1013 2922 1296 3003 σκορπίον
1344 2920 1472 2982 εἷλε
1515 2920 1781 3002 κορώνη.

208 3000 485 3088 Ἀνδρῶν
534 3007 763 3089 ἡρώων
806 3005 992 3068 τέκνα
1032 3005 1306 3087 πήματα.
1346 3001 1608 3087 Κύματα
1652 3007 1908 3086 μετρεῖς.

214 3084 417 3174 Ἀνέρι
463 3090 710 3174 αὐλητῇ
749 3089 891 3157 νόος
938 3087 1051 3151 οὐκ
1088 3087 1197 3151 ἔνι.
1236 3087 1406 3152 Σῦκα
1450 3087 1733 3171 μερίζειν.

214 3169 541 3258 Ἀντιόπης
584 3175 831 3258 θρῆνος.
871 3172 991 3237 Χει
1033 3174 1240 3235 ώσατο
1291 3171 1571 3256 Γοργόνα
1617 3168 1909 3255 Περσεύς.

214 3252 483 3322 Ἀντλεῖν
531 3259 932 3344 ἀμφοτέραις.
1048 3258 1085 3340 ή
1134 3278 1240 3339 μοι
1324 3258 1497 3318 αιών.
1535 3256 1725 3323 κακὸς
1768 3254 1961 3339 ἰχθύς.

215 3337 485 3424 Ἀργεῖοι
532 3349 758 3429 φῶρες.
804 3341 1127 3410 Βαλανεὺς
1167 3340 1244 3404 εἴ.
1350 3341 1572 3423 οσκίνῳ
1616 3341 1870 3406 ἀντλεῖς.

217 3421 613 3511 Ἀργέλοφοι.
662 3426 1021 3512 Παράκυψις
1065 3425 1233 3489 ὄνου.
1285 3422 1405 3488 Τὸν
1451 3422 1716 3487 κόλλοπ’
1745 3425 1999 3486 ἀνεῖναι.

217 3506 580 3593 Ἀρκαδικὸν
624 3513 963 3597 βλάστημα.
1010 3508 1156 3596 Πρὶν
1200 3510 1240 3594 ἢ
1289 3510 1550 3592 ὀπτῆσαι
1594 3506 1848 3592 ἄλευρα.
