2452 4186
1231 300 1354 360 314

236 471 340 525 800
377 470 523 529 Tec.
624 470 807 528 Perii.
857 471 995 546 quis
1034 471 1125 527 illi
1168 473 1321 529 haec
1356 471 1584 529 indicat
1621 470 2014 528 mortalium?

373 555 572 614 Nunc.
621 555 918 614 Thestore
957 564 1194 614 creatus
1241 565 1375 614 vate
1421 564 1617 628 vates,
1664 556 1783 614 hoc
1825 556 1946 628 die,

275 658 279 663 ’
376 642 514 717 Quo
560 649 724 698 certa
770 640 868 697 vel
913 641 968 698 ei
1009 642 1153 719 vita,
1199 642 1299 699 vel
1341 660 1501 700 mors
1546 641 1795 717 expetit.

374 727 517 784 Tec.
615 725 757 785 Heu
800 744 1029 798 casum,
1072 728 1272 800 amici,
1310 727 1663 804 praevenite
1703 727 2075 803 praecipem.

373 811 528 870 Pars
569 811 674 884 ite,
716 812 1016 869 Teucrum
1058 820 1386 870 convocate
1431 813 1547 869 huc
1591 830 1797 887 ocyus.

233 896 337 953 805
372 897 530 955 Pars
575 896 948 968 Occidentis,
993 916 1138 973 pars
1185 906 1247 955 et
1287 897 1558 956 Orientis
1601 897 1843 973 plagam

370 983 680 1054 Lustrate,
723 1000 843 1056 quo
891 999 957 1039 se
997 1000 1231 1057 cunque
1271 983 1572 1058 proripuit
1613 982 1791 1039 male.

372 1068 503 1124 Iam
551 1067 749 1125 sentio
793 1066 936 1125 olim
977 1087 1073 1124 me
1113 1087 1151 1124 a
1191 1068 1323 1126 viro
1368 1067 1638 1124 delinier.

371 1152 619 1229 Ingrata
658 1153 779 1209 iam
827 1160 987 1225 sunt,
1029 1171 1185 1228 quae
1229 1153 1490 1229 benigne
1532 1151 1807 1209 fecimus.

372 1236 534 1310 Heu,
574 1245 776 1314 gnate,
822 1237 964 1312 quid
1009 1238 1229 1315 agam?
1271 1258 1394 1296 non
1440 1238 1600 1294 enim
1641 1255 1843 1293 morae
1885 1235 2085 1294 locus.

236 1324 342 1378 810
377 1321 620 1381 Certum
669 1332 763 1381 est
806 1331 866 1380 et
907 1324 995 1380 ire
1040 1341 1159 1397 qua
1196 1331 1366 1398 pote,
1423 1331 1483 1379 et
1525 1329 1815 1397 quantum
1864 1329 2030 1398 pote.

370 1409 622 1479 Eamne,
670 1407 1082 1486 accingamur:
1143 1409 1305 1465 haud
1349 1415 1590 1466 cessato
1634 1425 1816 1483 opus,

374 1493 633 1553 Servare
678 1492 959 1552 volumus
1009 1494 1062 1551 si
1104 1493 1298 1550 virum
1344 1501 1569 1550 certum
1612 1492 1780 1549 mori.

371 1577 480 1637 Oh.
570 1578 831 1636 Paratus
874 1579 962 1636 ire
1008 1597 1120 1636 nec
1167 1578 1410 1654 quidem
1448 1585 1680 1635 tantum
1725 1596 1832 1635 ore
1871 1595 2030 1649 sum,

373 1662 495 1724 Sed
539 1664 741 1739 operis
788 1663 1002 1735 aderit,
1041 1672 1102 1720 et
1140 1664 1360 1738 pedum
1404 1663 1808 1738 properantia.

1022 1832 1220 1894 Actus
1264 1833 1551 1898 Quartus.

233 1927 336 1981 815
370 1916 467 1974 Ai
559 1914 693 1975 Stat
739 1916 930 1973 culter
971 1917 1080 1974 illa
1122 1927 1318 1994 parte,
1368 1937 1523 1993 quae
1570 1918 1651 1976 sit
1688 1934 1965 2019 maxume

372 2004 590 2071 Acuta,
634 2002 687 2058 si
732 2001 825 2057 cui
871 2003 1209 2077 experirier
1250 2012 1445 2060 vacat.

328 2087 592 2144 Munus
639 2085 879 2159 quidem
911 2085 1016 2143 ille
1063 2087 1208 2145 olim
1257 2088 1542 2147 Hectoris
1582 2086 1775 2144 virfim
1822 2083 2100 2144 omnium

370 2172 451 2229 Et
489 2170 753 2228 omnium
807 2170 955 2227 mihi
998 2174 1307 2249 hospitum
1352 2172 1750 2232 invisissumi.

369 2256 443 2313 In
485 2255 728 2314 Troade
775 2263 974 2313 autem
1018 2267 1232 2334 pactus
1279 2268 1375 2317 est
1420 2267 1584 2316 terra
1621 2256 1888 2316 hosticat

234 2356 337 2410 820
374 2339 488 2399 Cui
530 2343 686 2399 bene
730 2350 977 2399 cruenta
1023 2352 1157 2401 cote
1196 2362 1447 2402 acumen
1490 2342 1788 2401 redditum
1833 2347 1956 2398 est:

370 2427 509 2484 Fixi
546 2428 703 2484 bene
742 2426 934 2499 illum,
973 2437 1037 2486 et
1072 2430 1367 2506 apparavi
1408 2427 1638 2487 sedu10.

371 2511 487 2567 Vel
531 2520 596 2569 ut
639 2513 971 2588 properiter
1009 2534 1126 2571 non
1170 2516 1318 2571 mihi
1356 2513 1625 2571 invideat
1671 2510 1848 2582 mori,

371 2595 632 2654 Provisa
676 2597 850 2654 nobis
897 2598 1017 2656 ista
1060 2608 1204 2656 sunt
1244 2601 1307 2656 in
1347 2598 1639 2655 caeteris:

373 2679 469 2737 Tu
513 2681 767 2755 primus,
814 2689 874 2738 et
914 2684 1033 2755 fae,
1082 2683 1297 2742 adiuva
1341 2703 1459 2756 me,
1505 2682 1791 2758 Iuppiter.

233 2775 336 2830 825
370 2766 492 2823 Fac
534 2766 942 2841 impetrassim
982 2788 1199 2827 munus
1249 2771 1368 2827 hoc
1412 2788 1449 2825 a
1494 2777 1555 2826 te
1599 2769 1800 2825 breve.

369 2851 614 2908 Existat
654 2851 872 2926 aliquis
915 2854 1206 2928 nuncius:
1256 2854 1543 2929 quicquid
1586 2851 1730 2909 mali
1774 2858 1870 2910 est

371 2936 605 2995 Teucro
643 2937 961 3011 eloquatur
975 2957 995 2996 τ
1031 2947 1299 3011 moneat,
1341 2948 1406 2997 ut
1447 2958 1544 2996 me
1586 2936 1808 2996 isthinc
1847 2936 2036 2993 humo

372 3018 568 3096 Super
606 3030 848 3079 cruento
888 3025 1005 3082 hoc
1049 3042 1197 3083 ense
1244 3024 1598 3100 prociduum
1639 3022 1870 3079 efferat.

367 3103 466 3162 Ne
516 3107 931 3182 deprehensus
977 3109 1074 3166 hic
1117 3112 1194 3168 ab
1240 3109 1502 3168 inimicis
1553 3107 1715 3183 prius

229 3203 333 3259 830
368 3189 679 3262 Proiiciar,
727 3200 788 3249 et
828 3195 1059 3270 praeda
1103 3195 1319 3254 avibus
1366 3203 1426 3252 et
1470 3193 1721 3252 canibus
1770 3191 1952 3246 fuam.

368 3275 542 3332 Haec
588 3285 819 3351 sancte,
869 3298 1171 3339 venerans
1215 3289 1275 3338 te
1314 3299 1485 3357 rogo:
1532 3289 1715 3354 atque
1738 3275 1898 3332 idem
1928 3274 2214 3347 obsecro,

368 3360 657 3437 Deponat
694 3369 761 3418 ut
800 3365 1001 3437 quiete
1042 3384 1139 3422 me
1185 3365 1640 3440 placidissuma‚

366 3445 704 3521 Postquam
752 3464 898 3507 ense
938 3451 1201 3526 primum
1242 3451 1351 3507 hoc
1389 3444 1866 3524 transadegerim
1908 3442 2101 3517 latus,

366 3530 569 3589 Primo
614 3530 839 3607 pedatu
883 3533 1099 3592 dextra
1141 3533 1425 3592 Mercu‘rii
1464 3534 1662 3591 inferi.
