2452 4186
1233 308 1359 368 378

322 471 333 480 ”
383 477 540 536 Iuno
582 478 864 549 Fluonia,
910 477 1276 552 circinaque,
1320 485 1381 534 et
1419 476 1957 554 Vortumnifigura,

382 563 463 623 Et
502 564 764 622 maiesta
807 561 1053 635 curulis,
1090 564 1466 637 honoreque,
1514 563 1761 636 iuraque
1808 562 2071 633 dictans,

385 646 641 724 Semper
684 667 875 707 ovans
923 666 1106 722 supra
1145 667 1354 725 regum
1394 655 1595 723 caput,
1632 646 2070 722 induperatrix.

381 733 711 809 Intrepida,
754 729 1204 805 oinnidomans,
1249 750 1456 809 parca,
1504 733 1831 804 flammata,
1875 730 2129 788 Tenira.
2190 745 2200 769 ¹

381 818 526 877 Flos
573 818 732 877 vitae
774 826 1079 892 aeternae,
1123 818 1508 890 immortalis,
1551 816 1945 875 Mammuriae
1990 816 2109 874 vis.

385 903 612 963 Omnia
652 910 718 961 tu
757 903 895 962 sola
937 922 1035 961 es:
1096 921 1357 977 namque
1405 902 1610 960 omnia
1649 910 1716 959 tu
1752 902 1921 978 paris
1964 901 2128 977 ipsa.

382 987 588 1063 Quare
631 987 737 1045 ted
781 1007 887 1047 oro
933 1006 1067 1045 cum
1110 984 1322 1045 ditibu'
1370 987 1834 1063 TemperiabuS,

312 1101 315 1106 ·
354 1073 727 1149 'Pacemque
773 1081 953 1147 atque
996 1072 1256 1132 salutem
1300 1092 1434 1149 age,
1479 1081 1539 1130 et
1584 1072 1883 1129 omnifera
1926 1068 2218 1146 augmina

1599 1176 1821 1214 rerum.

391 1325 467 1384 10
655 1326 855 1385 Fauni
891 1327 1173 1402 suffimen,
1217 1327 1593 1383 odoramenta
1636 1328 1954 1399 omniqena.

382 1412 590 1470 Faune
632 1410 779 1469 ades
822 1412 1050 1488 Upilio,
1089 1409 1297 1476 mundi
1343 1410 1685 1468 substantia
1725 1417 1915 1481 totus,

383 1493 656 1568 Caelum,
700 1496 867 1555 salsa
911 1497 1118 1568 maris,
1164 1496 1347 1552 terrai
1392 1494 1648 1552 daedala
1690 1494 1891 1566 sedes,

384 1576 629 1655 Spiritu'
657 1581 954 1639 flammai:
999 1576 1262 1656 namque
1296 1581 1447 1637 haec
1472 1580 1743 1638 membra
1770 1579 1976 1637 omnia
1992 1578 2212 1636 Fauni.

276 1715 283 1718 .
379 1665 653 1742 Pervage
696 1666 929 1739 Faune,
978 1665 1128 1738 Sali,
1175 1665 1532 1741 collegaque
1577 1664 2061 1741 Temperiarum,

382 1748 680 1827 Capripes
722 1760 781 1808 et
817 1752 1103 1823 fanatice,
1151 1758 1387 1819 ovator,
1433 1749 1826 1827 siderivolge:

382 1831 637 1893 Vocibu'
686 1837 1027 1896 flexanimis
1073 1836 1282 1893 mundi
1323 1836 1940 1911 concenta-figuranS,

379 1920 718 1980 Larvarum
757 1921 985 1993 Titule,
1027 1922 1355 1978 humanum
1388 1919 1683 1996 remeligo
1732 1928 2087 1990 tremorum,

377 2005 641 2078 Propter
701 2024 889 2079 aquas
953 2005 1223 2082 gaudens
1284 2005 1639 2080 pastoribus
1682 2013 1862 2081 atque
1905 2003 2213 2074 bubulcis,

381 2087 744 2161 Collimans,
786 2090 988 2162 velox,
1029 2089 1184 2148 Aiae
1228 2086 1399 2166 igni',
1449 2089 1666 2151 sodali’
1708 2090 2011 2162 Virarum,

382 2174 746 2251 Omnigena,
785 2176 1201 2252 omnigenens,
1244 2195 1445 2233 rerum
1490 2176 1792 2233 celebrata
1826 2183 2130 2252 potestas:

376 2258 840 2336 Mundiparens,
880 2261 1134 2332 Lucine,
1179 2261 1451 2334 Iuturne,
1495 2264 1819 2333 Autumne,
1862 2260 2145 2319 nutritor:

378 2345 715 2417 Antricola,
765 2346 1082 2419 irritabili’,
1126 2346 1258 2403 iure
1296 2347 1457 2405 Iovis
1506 2346 1922 2422 capricornus,

316 2488 317 2491 ,
377 2431 454 2488 In
499 2438 558 2487 te
605 2450 747 2488 nam
794 2431 1150 2507 omniparae
1191 2432 1376 2489 terrai
1423 2438 1586 2488 stant
1628 2431 1765 2489 sola
1800 2432 1950 2501 fixa,

379 2517 631 2573 Aeterni
683 2524 742 2573 et
781 2517 1002 2574 cedunt
1044 2516 1339 2574 laetantia
1379 2535 1676 2573 marmora
1719 2516 1926 2588 Ponti,

376 2600 457 2657 Et
502 2608 723 2658 terram
771 2602 1056 2661 Oceanus
1103 2601 1371 2660 lustrans
1414 2601 1770 2659 anfractibu'
1813 2601 2036 2660 salsis:

376 2685 696 2759 Portioque
741 2687 937 2760 aeria,
968 2686 1311 2762 ignipotens
1354 2687 1640 2744 alimonia
1679 2705 1901 2758 rerum,

374 2771 457 2830 Et
502 2778 678 2845 caput
720 2772 799 2828 ad
844 2791 1145 2830 summum
1197 2772 1472 2849 pernicia
1509 2770 1740 2829 lumina
1778 2772 2079 2829 flammae.
2131 2818 2142 2828 .

380 2853 544 2913 Nam
591 2865 875 2914 concreta
918 2865 1022 2915 tuo
1067 2857 1327 2933 imperio
1370 2858 1523 2914 haec
1568 2864 1816 2914 aeterna
1856 2857 2165 2914 feruntur:

374 2938 792 3016 Naturamque
830 2943 951 3000 tuis
989 2950 1188 3000 mutas
1233 2937 1583 3017 pollentibu’
1626 2941 1849 3014 iussis,

372 3025 701 3083 Multorum
749 3035 999 3085 auctans
1043 3027 1106 3084 in
1146 3034 1311 3085 terra
1351 3026 1634 3086 mortalia
1663 3026 1858 3085 secla.

374 3110 539 3187 Ergo
584 3120 758 3186 pater
799 3111 1086 3183 fanatice,
1132 3122 1363 3185 ovator,
1412 3112 1490 3169 ad
1528 3113 1678 3169 haec
1721 3120 1828 3169 tua
1870 3110 2000 3168 liba

373 3195 551 3266 Vise,
592 3204 652 3253 et
683 3198 832 3255 vitai
874 3198 1041 3255 bene
1071 3196 1267 3256 dones
1314 3198 1480 3256 exita
1517 3198 1698 3269 iusta,

373 3279 722 3339 Externans
765 3283 955 3340 Inuos
996 3289 1259 3341 terrores
1306 3283 1515 3340 finibu’
1560 3291 1775 3340 terrae.

382 3449 453 3506 11
556 3486 557 3493 κ
714 3451 983 3511 Her-mdis
1028 3451 1217 3527 ,Sanqi
1262 3452 1427 3509 Fidii
1470 3451 1751 3525 suffimen,
1787 3461 1896 3510 ms,

279 3566 288 3576 ·
375 3532 579 3611 Sange
622 3543 796 3610 pater
836 3535 1079 3609 Titane,
1122 3534 1317 3608 Nem,
1362 3535 1608 3594 Nerien·
1636 3537 1872 3607 viriam,
