2452 4186
1077 297 1189 357 121

223 464 339 526 Sed
387 465 730 524 obsolescit
770 466 1054 525 comitate
1100 466 1443 525 auctoritas.

219 550 456 609 Horum
491 550 748 608 duorum
790 561 1030 610 constet
1069 563 1135 610 ut
1170 552 1339 611 salus
1388 553 1517 621 tibi,

219 635 356 694 Hoc
396 645 810 711 temperamen
856 647 952 694 est
996 639 1346 708 tenendum,
1392 649 1458 693 ut
1503 655 1581 693 ne
1629 635 1781 694 velis

218 720 418 779 Nimis
460 739 713 779 severus
761 739 923 794 esse,
970 740 1083 779 nec
1129 724 1322 781 comis
1360 722 1562 779 nimis.

218 805 286 863 Id
331 805 691 883 dignitatem
735 814 849 878 est,
892 807 1003 864 hoc
1048 827 1320 866 amorem
1359 807 1632 883 perdere.

221 974 316 1032 46.
404 977 463 1033 A
508 973 701 1032 Plebe
742 974 953 1046 amari,
991 994 1118 1033 non
1161 975 1362 1033 timeri
1405 974 1545 1032 Rex
1589 976 1782 1034 stude.

219 1059 433 1117 Timor
477 1059 768 1135 magister
806 1059 1072 1118 infidelis
1113 1060 1390 1135 obsequii
1432 1072 1547 1132 est,

218 1144 296 1202 Et
338 1144 613 1203 caritatis
657 1144 1026 1201 imbecillum
1070 1144 1377 1203 vinculum

220 1229 427 1287 Timor
464 1230 753 1287 facessat.
799 1228 1103 1304 Principis
1147 1249 1352 1288 mores
1398 1229 1539 1286 boni

215 1313 497 1373 Possunt
537 1314 697 1371 idem
742 1323 1081 1389 praestare,
1126 1315 1290 1389 quod
1336 1314 1427 1372 vis
1469 1313 1722 1389 imperii.

215 1399 474 1457 Multum
520 1399 900 1475 imperando,
937 1399 1076 1475 plus
1117 1400 1380 1456 amando
1423 1398 1561 1456 Rex
1599 1406 1821 1474 potest.

218 1569 320 1625 47.
405 1567 703 1626 Fortasse
748 1568 911 1626 cives
950 1568 1125 1643 peius
1171 1585 1368 1644 angue
1399 1566 1747 1642 Principem

220 1651 450 1749 Odi-sse
488 1652 751 1727 possint,
795 1652 848 1710 is
889 1652 1035 1710 licet
1074 1671 1194 1709 non
1242 1652 1456 1711 oderit.
2012 1653 2087 1782 ξ

214 1739 298 1794 At
334 1756 470 1812 ipse
510 1738 702 1794 amari
745 1755 872 1794 non
913 1746 1137 1812 potest,
1185 1738 1240 1796 si
1274 1758 1391 1795 non
1437 1746 1616 1795 amat.
2036 1755 2041 1758 ’

217 1907 317 1964 48.
408 1905 708 1982 Princeps
755 1905 1048 1963 colendus
1093 1907 1388 1964 hactenus
1437 1908 1537 1978 sit,
1582 1916 1879 1981 quatenus

217 1990 364 2048 Tibi
402 1991 587 2048 licere
625 2001 685 2048 et
730 1991 1017 2066 expedire
1061 1991 1181 2050 scis
1226 1992 1302 2048 ei.

217 2075 427 2135 Homo
471 2076 776 2135 secundus
828 2096 866 2134 a
908 2075 1069 2147 Deo,
1111 2085 1425 2153 acceptum
1467 2078 1672 2137 ferens

216 2161 378 2234 Deo,
418 2162 583 2235 quod
625 2162 761 2238 ipse
806 2170 921 2232 est,
968 2162 1149 2220 unico
1192 2163 1395 2221 minor
1430 2163 1587 2221 Deo.

222 2330 327 2388 49.
415 2330 597 2388 Bona
638 2330 919 2389 instituta
955 2351 1081 2389 non
1126 2332 1274 2389 boni
1322 2332 1424 2390 odi
1465 2332 1789 2406 Principis,

219 2414 366 2473 Non
412 2415 576 2490 quod
615 2416 774 2473 bona
818 2424 974 2487 acta,
1029 2417 1140 2475 sed
1184 2418 1342 2490 quod
1382 2425 1588 2475 auctor
1629 2415 1930 2491 displicet.

219 2501 559 2558 Laudanda
602 2500 809 2578 Reges
851 2520 1041 2577 saepe
1084 2502 1362 2558 fecerunt
1404 2500 1569 2558 mali.

219 2586 502 2643 Laudare
551 2585 784 2662 Regem
825 2605 951 2643 non
995 2595 1169 2661 potes
1211 2586 1331 2645 nisi
1374 2588 1613 2645 bonum.

223 2755 324 2814 50.
410 2754 733 2830 Principes
760 2754 1000 2813 tributis
1025 2764 1204 2829 atque
1229 2756 1637 2814 functionibus
1680 2754 1987 2830 [Princeps
1998 2753 2051 2827 t]

223 2840 425 2918 Regni
464 2848 667 2898 tuetur
710 2839 990 2915 publicas
1030 2859 1180 2915 opes
1224 2842 1342 2914 sui,

219 2924 464 2983 Bellum
503 2924 908 2998 administrat,
950 2925 1222 2985 hosticas
1261 2927 1488 3003 frangit
1529 2925 1759 2984 minas..

220 3010 499 3088 Vectigal
542 3028 739 3080 omne,
787 3019 848 3067 et
890 3010 1180 3088 quidquid
1215 3012 1489 3082 infertur,
1536 3013 1762 3069 bonum
1808 3019 1901 3066 est

224 3093 556 3154 Commune
600 3095 872 3164 cunctim
920 3096 1177 3171 singulis
1217 3097 1461 3155 iniuria.

226 3264 327 3321 51.
417 3263 648 3321 Terrae
693 3273 982 3340 tyrannus
1025 3262 1438 3340 Septimaniae
1482 3264 1702 3323 arduas

224 3347 460 3406 Evertit
502 3349 686 3407 aedes
727 3349 1066 3407 incolarum
1111 3348 1367 3409 Circius.

228 3430 354 3491 Sed
397 3442 687 3492 aestuosa
729 3434 1041 3510 pestilenti
1085 3435 1308 3494 sideris

226 3516 399 3575 Idem
450 3518 677 3578 salubri
726 3519 951 3577 damna
993 3520 1196 3577 differt
1229 3520 1479 3596 spiritu:
