2452 4186
1117 285 1195 345 41

253 456 344 515 45.
430 444 651 511 Noctu¹
679 456 742 510 in
796 454 937 511 lecto
995 473 1169 528 quum
1223 463 1370 512 esset
1415 453 1638 512 Auctor
1694 456 1922 512 Tarbae
1962 456 2070 512 Bi-

248 557 566 617 yerronum,
624 557 806 613 neque
838 558 952 614 per
992 533 1183 599 aestus
1222 537 1387 609 anni}
1432 542 1701 609 tonitrua,
1747 549 1801 596 et
1823 541 2074 616 fulgura

248 627 529 701 quiescere
566 632 779 698 posset,
829 624 1072 696 offensus
1112 624 1457 699 garrulitate
1484 627 1784 681 cuiusdam
1808 628 1870 682 in
1899 642 2074 682 coena

304 711 607 786 pridiana,
645 711 946 784 sequentia
985 711 1098 766 duo
1143 711 1561 784 epigrammata
1598 711 2001 768 meditabatur.

253 789 320 852 οὐ
362 788 589 852 σκόπον
637 788 939 872 εὐμαθίης
984 788 1293 872 νημερτέα
1333 791 1764 873 πουλυμαῦείη

333 872 619 957 ἔλλαχεν,
669 874 817 935 οὐδὲ
863 872 1011 935 νόου
1060 873 1247 942 δόξαν
1296 873 1619 956 ἀδηλογίη.

254 959 317 1028 ὃς
350 957 466 1042 γὰρ
517 957 903 1041 ἀμετροεπὴς
945 958 1366 1041 ἀνεμοτρεφὲς
1412 958 1542 1020 αἰὲν
1585 957 1776 1041 οἴημα

331 1041 570 1105 αἰόλλει
610 1041 869 1125 κούφοις
908 1043 1266 1125 πηδαλίοισι
1314 1041 1484 1118 νόου,

251 1129 477 1194 πάντας
523 1126 879 1211 ὑποβλήδην
925 1127 1367 1212 λαβρηγορίαις
1414 1127 1799 1209 ὑποτέμνων,

332 1211 484 1273 οὐδὲ
520 1209 763 1294 τέκμωρ
813 1208 1045 1293 μανίης
1075 1212 1243 1273 οἶδεν
1292 1212 1732 1294 ἀπειρολάλου,

251 1301 460 1358 τοῦτον
506 1293 947 1400 ἐπισπέρχουσ’
1000 1296 1344 1378 ἀεσίφρονα
1384 1295 1619 1380 θουρὰς
1664 1296 1855 1380 ἀέλλη

335 1381 476 1464 ῥῖψε
518 1379 940 1462 δοκησισοφου
986 1380 1198 1462 μήτιος
1243 1380 1330 1446 εἰς
1374 1381 1733 1448 σκοπέλους.

254 1464 317 1533 ὃς
352 1463 410 1526 δ’
465 1460 541 1525 αὖ
584 1464 967 1544 πευκαλίμου
1011 1469 1215 1548 ψυχῆς
1261 1466 1430 1546 οἰήϊα
1471 1471 1695 1548 νωμῶν

332 1548 589 1631 εὖκραεῖ
624 1548 945 1630 πραπίδων
991 1548 1241 1613 πείθετο
1291 1550 1569 1632 νηνεμίῃ,

250 1633 426 1696 τόνδε
466 1629 874 1714 γαληνιόωντι
920 1632 1046 1716 νόῳ
1085 1631 1439 1716 πλησίστιος
1486 1633 1670 1716 οὖρος

328 1717 475 1801 ἦγεν
517 1717 615 1778 ἀεὶ
659 1721 890 1800 πινυτῷ
930 1716 1121 1800 ὅρμον
1170 1719 1233 1784 ἐς
1276 1717 1619 1802 εὖστοχίης.

519 1854 528 1861 .
941 1808 1107 1863 Idem
1147 1805 1380 1864 Latine.

251 1890 421 1949 Istud
463 1908 588 1948 non
635 1889 794 1946 scire
834 1896 947 1961 est,
1003 1891 1449 1966 quamplurima
1496 1891 1650 1948 scire
1698 1890 1906 1947 videri.

332 1973 509 2033 Istud
553 1974 779 2031 sentire
823 1983 920 2032 est
961 1994 1085 2032 non
1131 1977 1310 2047 bene,
1358 1975 1548 2033 multa
1592 1976 1772 2050 loqui.

252 2058 373 2121 Sed
416 2058 753 2135 quicunque
794 2058 1025 2135 loquax
1069 2068 1366 2119 ventosae
1413 2061 1628 2119 mentis
1680 2060 1934 2119 habenis

331 2146 556 2204 Versat
601 2161 788 2221 agens
832 2146 1099 2202 animum
1142 2147 1429 2205 turbidus
1463 2146 1831 2218 instabilem,

252 2229 737 2307 Obloquiturque
787 2230 948 2302 aliis,
1008 2232 1473 2308 interpellatque
1518 2233 1864 2308 loquent05‚

329 2314 469 2374 Nec
502 2322 729 2371 certum
774 2316 978 2372 morbo
1017 2316 1131 2373 seit
1181 2317 1471 2394 posuisse
1516 2309 1827 2374 modumz'

253 2402 435 2459 Illum
480 2408 895 2459 transversum
940 2401 1155 2476 rapido
1204 2403 1368 2460 celer
1403 2402 1628 2479 impete
1670 2402 1847 2459 turbo

333 2486 406 2543 In
448 2503 643 2542 vanae
691 2485 970 2561 scopulos
1012 2486 1384 2545 credulitatis
1422 2488 1572 2564 agit.

250 2574 332 2630 At
372 2569 477 2645 qui
522 2578 652 2627 tuta
691 2588 911 2646 regens
961 2571 1148 2628 animi
1183 2573 1607 2630 moderamina
1650 2571 1810 2628 cauti

337 2658 543 2715 Aurae
586 2655 902 2729 tranquilli
940 2657 1145 2732 paruit
1186 2657 1447 2733 ingenii:

251 2741 429 2799 Illum
476 2740 813 2817 composita
857 2740 1174 2815 placidum'
1195 2742 1351 2800 levis
1396 2762 1543 2800 aura
1584 2741 1785 2818 quiete

335 2827 479 2904 Egit
517 2826 595 2883 ad
640 2824 832 2900 optati
874 2825 1057 2884 litora
1100 2827 1356 2886 consilii.

340 2995 441 3054 46.
529 2998 608 3053 In
648 2995 968 3071 Pyrenaeis
1009 2997 1146 3055 haec
1194 2998 1498 3068 scribebat,
1542 2996 1732 3070 Aquis
1774 2994 1986 3051 caldis.-

252 3081 477 3155 Aspice
523 3087 769 3155 quanta,
812 3080 1032 3154 quibus
1078 3082 1266 3154 vitiis,
1310 3082 1529 3155 quibus
1571 3080 1770 3139 obsita
1807 3079 2038 3138 morbis

337 3165 568 3238 Turba,
607 3165 707 3222 diu
747 3165 915 3222 lenta
958 3166 1200 3224 decolor
1239 3185 1348 3224 ora
1382 3167 1504 3238 lue,

254 3249 375 3309 Per
420 3250 649 3328 rigidas
688 3258 918 3322 cautes,
965 3259 1025 3309 et
1064 3251 1373 3327 inhospita
1410 3259 1580 3310 tesca
1622 3250 1918 3327 Pyrenes,

339 3335 543 3395 Tesea
582 3335 683 3394 vel
726 3336 987 3396 humano
1027 3337 1132 3395 vix
1175 3336 1454 3394 adeunda
1495 3336 1674 3413 pede,

256 3419 513 3481 Paeonii
552 3421 753 3478 laticis
799 3421 990 3480 vastis
1032 3423 1294 3479 obsessa
1332 3421 1524 3480 ruinis

345 3506 531 3565 Dona
569 3505 740 3583 petit.
786 3506 937 3563 tanti
975 3526 1159 3583 posse
1204 3506 1410 3564 valere
1450 3513 1653 3581 putat3
