2452 4186
1092 356 1096 361 ,
1162 296 1370 389 *312

392 467 712 539 Vecordis‚
750 466 1084 525 insessoris
1131 465 1314 523 etiam
1359 463 1608 522 exerciti

390 554 667 612 Fratrem
710 559 986 610 vocaret:
1026 550 1116 608 nil
1157 558 1363 609 vetare
1406 550 1769 623 quominus

395 637 691 698 Saxorum
735 637 968 695 acervis
1014 637 1266 694 obrutus
1314 643 1564 692 mortem
1609 644 1873 712 oppetat.

394 724 602 797 quue
645 722 1011 781 res·rediret
1050 729 1117 777 ut
1159 721 1399 798 gladios
1447 719 1573 778 suis
1617 756 1622 765 ·

259 803 362 858 730
395 808 638 885 Vagina
682 809 912 865 eburna
954 807 1285 864 liberarent
1328 805 1615 863 dexteris·

398 891 523 953 Sed
564 894 752 950 verbo
802 893 996 951 amico
1041 891 1320 968 reprimit
1358 890 1625 967 gliscens
1670 890 1894 948 malum

397 976 625 1038 Senum
671 996 862 1036 senex
911 985 1110 1035 aetate
1151 974 1684 1052 provectissumus.

395 1060 578 1119 Nunc
613 1081 757 1121 vero
800 1062 904 1120 ubi
952 1062 1113 1120 Aiax
1155 1070 1272 1134 est,
1335 1068 1403 1118 ut
1437 1060 1531 1117 illi
1568 1061 1718 1117 haec
1754 1060 2062 1120 indicem?

395 1146 682 1206 Dominis
729 1147 1039 1224 negotium
1085 1166 1265 1204 omne
1310 1146 1579 1223 pandere
1618 1146 1879 1221 expedit.

259 1226 362 1281 735
401 1230 510 1291 Ch.
599 1230 747 1290 Non
792 1240 888 1291 est
925 1233 980 1290 is
1028 1232 1215 1304 intus,
1260 1250 1469 1289 verum
1512 1230 1699 1289 abivit
1739 1230 1858 1289 iam
1905 1233 2118 1307 modo,

397 1315 669 1377 Consilia
713 1325 965 1376 nectens
1012 1318 1284 1375 moribus
1323 1317 1495 1375 novis
1537 1334 1716 1375 nova.

395 1401 597 1460 Nunc.
690 1401 854 1474 Heu,
896 1403 1032 1460 heu.

397 1487 520 1562 Qui
561 1487 728 1546 misit
771 1489 952 1546 istam
994 1507 1091 1545 me
1132 1488 1316 1559 viam,
1357 1493 1459 1543 aut
1496 1505 1594 1543 me
1633 1505 1767 1543 eam
1811 1486 1972 1547 viam

396 1572 598 1631 Tarde
641 1573 733 1630 illi
770 1573 956 1645 misit,
1004 1582 1107 1630 aut
1149 1591 1264 1650 ego
1309 1572 1518 1629 tardus
1562 1571 1667 1628 fui.

258 1657 362 1711 740
399 1655 510 1716 Ch.
592 1656 751 1730 Quid
798 1667 892 1716 est
936 1658 1094 1732 quod
1138 1659 1254 1715 hac
1280 1658 1343 1714 in
1369 1677 1433 1714 re
1466 1656 1881 1730 exequendum
1907 1657 2240 1717 omiseris?

393 1741 595 1800 Nunc.
678 1742 915 1801 Teucer
960 1745 1224 1814 vetabat,
1272 1762 1348 1800 ne
1391 1743 1578 1800 domo
1624 1742 1786 1799 Aiax
1826 1750 2008 1800 antea

394 1827 598 1900 Prius,
642 1847 822 1903 quam
868 1827 1116 1887 adesset
1156 1829 1315 1905 ipse,
1363 1826 1629 1904 prodiret
1663 1827 1851 1885 foras.

397 1911 507 1972 Ch.
599 1911 903 1987 Sequutus
951 1921 1046 1972 est
1087 1914 1356 1972 meliora.
1403 1931 1623 1987 nempe
1668 1911 1972 1969 maxumis

392 1997 618 2054 Pacem
662 1996 935 2057 Deorum
977 1999 1261 2075 precibus
1314 2015 1653 2072 exposcens
1697 2000 1889 2056 abest.

258 2084 361 2140 745
396 2080 595 2140 Nunc.
682 2080 856 2141 Haec
892 2084 1078 2141 verba
1116 2084 1302 2161 plane
1345 2082 1529 2159 plena
1572 2091 1712 2141 sunt
1754 2081 2119 2154 dementiae,

393 2168 474 2224 Et
516 2167 723 2239 stulta,
767 2169 821 2227 si
860 2168 1000 2242 quid
1039 2188 1343 2247 augurans
1373 2167 1633 2226 Calchas
1680 2168 1857 2243 sapit.

396 2250 508 2311 Ch.
599 2251 831 2325 Quibus
877 2254 998 2311 ista
1040 2254 1281 2312 tandem
1325 2254 1517 2311 fretus
1556 2253 1796 2312 indiciis
1841 2252 1976 2311 ais?

392 2336 594 2395 Nunc.
684 2339 814 2416 Ego
855 2348 1166 2416 superstes
1213 2339 1382 2411 affui,
1427 2347 1605 2413 atque
1645 2338 1908 2396 interfui.

393 2421 673 2497 Namque
720 2443 752 2481 e
805 2443 1050 2497 corona,
1097 2433 1158 2483 et
1195 2425 1382 2503 regiis
1431 2424 1683 2482 comitiis

257 2511 362 2566 750
400 2506 661 2567 Calchas
703 2511 990 2587 resurgit:
1039 2529 1312 2569 seorsum
1358 2508 1601 2567 Atridas
1649 2510 1904 2568 deserit:

394 2593 691 2651 Teucrum
732 2595 1090 2670 prehendit:
1138 2595 1454 2671 copulatur
1498 2594 1779 2653 dexteras
1802 2614 1827 2652 ε·

390 2677 563 2736 Infit:
610 2688 922 2739 recenset:
962 2681 1212 2738 mandat
1251 2680 1527 2738 omnibus
1579 2682 1798 2752 modi5‚

391 2763 640 2820 Aiacem
681 2771 748 2821 ut
786 2764 961 2842 hodie
1011 2766 1220 2824 sedulo
1266 2765 1586 2822 coercitum

392 2848 566 2906 Intus
611 2856 868 2923 teneret,
916 2870 1028 2908 nec
1071 2851 1240 2909 foras
1291 2849 1617 2907 emitteret:

256 2930 358 2984 755
397 2931 466 2993 Si
506 2932 690 2992 vellet
724 2934 893 2992 illum
937 2936 1248 3012 sospitem,
1296 2953 1368 2992 ac
1413 2936 1819 3011 superstitem.

395 3016 661 3094 Nanque
705 3020 881 3092 hanc,
927 3040 1124 3095 neque
1168 3021 1330 3078 ultra
1368 3020 1488 3095 (sic
1528 3021 1684 3077 enim
1728 3016 2027 3098 autumat)
2076 3019 2232 3077 diem

395 3103 575 3160 Illum
619 3104 929 3163 Minervae
972 3106 1139 3164 dirus
1184 3114 1427 3163 exercet
1465 3106 1653 3164 furor.

396 3186 561 3245 Nam
595 3190 811 3247 molem
855 3191 1097 3249 inanem
1143 3210 1466 3266 corporum
1510 3198 1689 3265 atque
1728 3187 2007 3246 inutilem

395 3273 594 3331 Missa
633 3275 809 3332 ruina
855 3276 1111 3335 caelitus
1147 3276 1547 3352 procumbere

255 3360 360 3413 760
393 3357 764 3417 Perhibebat
800 3379 1012 3438 augur,
1053 3362 1108 3420 si
1148 3361 1283 3436 quis
1330 3362 1653 3417 humanum
1694 3356 1841 3417 nihil

393 3443 669 3518 Quanvis
712 3454 949 3505 creatus
1001 3466 1262 3523 corpore
1303 3447 1592 3517 humano,
1642 3445 1818 3521 sapit.

393 3526 518 3589 Sed
558 3528 661 3587 ille
704 3537 765 3587 et
807 3530 953 3589 olim
997 3532 1276 3607 primitus
1318 3531 1497 3591 domo
1541 3530 1756 3590 exiens
