2452 4186
1215 290 1295 347 42

347 454 433 514 Ut
473 472 674 530 paene
715 454 909 530 ipsius
956 455 1112 512 vitae
1158 456 1505 515 discrimine
1544 458 1689 529 vita,

434 539 636 614 thue
686 539 824 614 ipsa
866 549 1099 598 constet
1141 560 1342 617 paene
1394 541 1591 601 salute
1637 542 1822 602 salus.

346 625 509 702 Ergo
559 624 866 683 difficilem
909 633 1223 698 quaestum
1273 625 1509 687 Natura
1552 627 1765 686 salutis

431 709 492 769 Ν
499 730 580 768 on
618 709 752 767 sine
794 709 1030 767 difficili
1070 730 1259 787 parca
1302 712 1507 769 labore
1545 712 1727 770 dedit.

346 796 465 854 Illa
507 794 883 854 salutiferum
927 796 1278 853 thesaurum
1321 797 1439 854 hoc
1475 814 1714 855 carcere
1759 798 1975 874 sepsit,

434 878 650 940 Catius
693 888 758 937 ut
799 880 989 938 scires
1036 899 1176 939 esse
1223 880 1420 939 salute
1468 881 1636 940 nihil.

1037 967 1203 1023 Idem
1252 965 1489 1024 Graece.

351 1044 593 1112 Πόσσος
634 1044 843 1128 ὄχλος,
882 1044 1182 1129 πόσσῃσιν
1224 1045 1534 1171 ἀρημένος
1578 1045 1743 1129 ἅψεα
1788 1047 2052 1120 νούσοις,

433 1130 534 1191 καὶ
577 1129 802 1211 λύμαις
841 1133 1059 1212 χροιῆς
1104 1130 1294 1199 ἄνθος
1335 1132 1758 1214 ἀμειψάμενος

351 1216 421 1278 ἀν
442 1213 815 1315 στυφέλους
850 1215 1141 1296 κνημοὺς,
1197 1216 1295 1277 ἀν
1348 1217 1794 1298 ἀπανθρώποιο
1842 1214 2128 1298 Πυρήνης

434 1297 642 1381 ὄκριας
684 1298 1118 1380 ἀνδρομεόιςν
1091 1322 1318 1404 ιχνεσιν
1366 1301 1652 1384 ἀστιβὲας

348 1385 449 1446 τὸν
493 1385 679 1445 ποτὸν
725 1384 1035 1465 ἀλθήεντα
1086 1384 1446 1489 μετέρχεται
1493 1385 1684 1468 ἀμφὶς
1725 1384 1786 1444 ἐν
1834 1381 2051 1468 ὄχθοις

437 1467 810 1550 εἰργόμενον.
859 1468 1083 1530 τόσσου
1131 1470 1212 1552 μὴ
1262 1468 1493 1532 νοσέειν
1541 1469 1810 1570 πρίαται,

352 1554 510 1614 ὥστε
553 1552 718 1633 μάλα
745 1551 907 1653 πρό
922 1575 987 1614 τε
1033 1560 1132 1659 τῷ
1166 1554 1392 1635 ὑγιείης
1427 1553 1534 1636 τὴν
1582 1554 1806 1634 ὑγίειαν

355 1635 1026 1745 ἀντιπαραρριπτεῖν,
1070 1637 1170 1699 τόν
1217 1661 1282 1699 τε
1333 1638 1461 1719 βίον
1501 1637 1618 1718 πρὸ
1657 1636 1814 1742 βίου.

350 1719 507 1804 ἦρα
555 1719 732 1803 φύσις
772 1721 965 1781 πάλαι
1012 1722 1320 1804 ἀργαλέην
1364 1722 1624 1823 κομιδὴν
1673 1720 1901 1805 βιότοιο

438 1804 778 1888 φεισαμένη
828 1806 1085 1905 καμάτῳ
1128 1808 1319 1887 θῆκεν
1370 1807 1443 1867 ἐπ
1515 1806 1822 1889 ἀργαλέῳ.

352 1889 625 1991 ζωαρκὲς
669 1889 738 1950 δὲ
785 1888 937 1970 τόσῃ
980 1892 1296 1972 κειμηλιον
1346 1890 1629 1974 ἄμφεπεν
1675 1891 1904 1974 εἱρκτῇ,

439 1973 540 2036 ὅττ
618 1973 799 2037 οὐδεν
850 1978 1014 2054 ζωῆς
1056 1979 1259 2057 κτῆμα
1304 1975 1757 2057 περισσότερον.

780 2147 879 2205 47.
967 2150 1132 2205 Idem
1175 2149 1398 2205 lambis
1446 2149 1725 2224 Traqicis.

437 2225 638 2294 Πόσος
679 2227 959 2290 πόσαισιν
1009 2228 1198 2313 ὄχλος
1243 2229 1579 2311 ἐμπλακεὶς
1617 2228 1842 2302 νόσοις,

348 2313 552 2380 ποίαις
596 2312 804 2376 ἀλύων
843 2318 986 2394 γυῖα
1034 2312 1399 2396 συντρόφοις
1450 2312 1644 2386 δύαις,

349 2399 449 2460 καὶ
490 2399 924 2481 δυσπροσώπῳ
970 2398 1217 2482 βλέμμα
1263 2397 1617 2481 χαλκαίνων
1664 2403 1847 2480 χροᾷ,

351 2483 451 2545 διὰ
494 2488 612 2543 τῶν
663 2481 933 2566 ἐρήμων,
976 2489 1095 2544 τῶν
1143 2482 1551 2587 δυσαμβάτων
1599 2484 1841 2567 βροτοῖς

349 2570 602 2672 στιφρᾶς
648 2565 933 2670 Πυρηνης
976 2568 1260 2650 θηροδεγ
1249 2568 1452 2629 μόνων
1500 2568 1713 2647 πάγων

348 2650 598 2718 κόλποις
642 2654 975 2735 φαράγγων
1027 2651 1396 2752 ἐγκρυβέντα
1438 2656 1556 2713 τῶν
1605 2652 1810 2712 πόνων

347 2736 694 2817 ἀλεξιτῆρα,
739 2738 839 2799 τὸν
899 2737 1068 2820 βιοστ
1048 2740 1186 2817 αγῆ
1233 2739 1417 2799 ποτὸν

349 2822 535 2895 διζεῖς
579 2820 879 2900 τοσαύτης
918 2823 1167 2902 προικὸς
1209 2821 1375 2901 αἱρεῖ
1415 2820 1498 2902 μὴ
1539 2822 1764 2895 νοσεῖν

348 2906 473 2968 ωστ
551 2903 898 2987 ἀσφαλείας
940 2904 1066 2965 ἄντι
1111 2903 1548 2977 κινδυνεύεται,

348 2990 479 3096 βίον
526 3011 590 3052 τε
640 2993 849 3071 θηρῶν
893 2993 1002 3052 τοι]
1046 2989 1179 3074 βίου
1226 2989 1308 3071 μὴ
1356 2989 1649 3091 φείδεται.

347 3073 575 3140 ἀνόσου
620 3072 682 3134 δ’
731 3073 977 3154 ἀρωγῆς
1019 3074 1202 3177 θῆκεν
1256 3075 1293 3154 ἡ
1341 3073 1520 3178 φύσις
1560 3070 1752 3154 πόρον

345 3162 446 3223 τὸν
497 3156 899 3262 δυσπόριστον
953 3158 1014 3219 ἐν
1049 3156 1297 3240 τρόποις
1338 3158 1710 3261 ἀμηχάνοις.

346 3248 431 3314 ὥς
476 3244 535 3304 δ’
590 3240 747 3306 ἔστιν
790 3244 1050 3323 εἱρκταῖς
1090 3245 1358 3311 πλοῦτος
1402 3242 1628 3322 ὑγιείας
1674 3240 1784 3302 ὅδε

344 3333 637 3394 τοσοῦτος
685 3328 747 3389 ἐν
792 3327 1061 3392 τόσαισιν
1111 3326 1685 3408 ἐγκεκλεισμένος[,]

346 3413 432 3480 ὣς
472 3411 651 3474 οὐδὲν
702 3411 889 3492 αὐτῆς
931 3417 1143 3495 χρῆμα
1187 3410 1693 3495 τιμαλφέστερον.
