2452 4186
1201 305 1327 365 288

356 473 560 550 (157)
942 472 1127 553 Μήνη
1174 470 1589 555 χρυσόκερως.

354 559 531 618 Luna
573 559 732 632 vide,
779 578 1009 634 vosque
1050 580 1084 618 o
1122 560 1430 618 radiantes
1470 560 1663 618 noctis
1706 558 1879 616 ocelli

438 647 646 717 Astra,
692 646 804 702 sub
849 645 1086 704 Oceani
1132 655 1306 704 sueta
1348 646 1552 704 subire
1598 644 1816 713 sinum.

352 728 678 801 Discessit,
726 748 944 805 meque
987 730 1085 786 hic
1120 730 1376 808 fugitiva
1415 729 1658 804 reliquit
1693 728 1919 800 Ariste,

437 813 720 890 Improba
764 823 903 890 post
941 822 1181 872 sextum
1225 835 1344 872 non
1388 815 1533 871 mihi
1569 814 1703 872 visa
1739 813 1917 870 diem.

355 898 675 975 Vestigare
724 905 925 956 tamen
973 907 1198 956 certum
1241 908 1355 971 est,
1397 900 1718 956 immittere
1765 898 1978 955 odoros

442 982 748 1060 Cypridis,
797 984 1031 1061 argenti
1079 984 1308 1060 grande
1350 986 1674 1054 numisma,
1719 996 1923 1040 canes·

362 1152 594 1230 (062)
893 1146 1165 1232 Ὄρθρος
1211 1147 1323 1234 ἔβη
1371 1146 1709 1232 Χρύσιλλα.

357 1238 661 1309 Lucescit,
710 1236 1033 1314 Chrysilla.
1080 1237 1225 1314 vigil
1268 1238 1389 1294 iam
1438 1236 1634 1313 gallus
1685 1244 1855 1294 acuto
1911 1240 1916 1241 ’

443 1323 757 1381 Infensum
801 1323 971 1381 nobis
1017 1331 1304 1398 provocat
1342 1341 1447 1380 ore
1492 1321 1671 1378 diem.

356 1408 626 1468 Alituum
670 1427 887 1484 pereas
931 1408 1473 1484 importunissime,
1514 1407 1616 1480 qui
1659 1425 1756 1463 me

441 1492 728 1551 Visurum
771 1493 1058 1569 aequales
1107 1494 1310 1571 exigis
1350 1491 1492 1548 inde
1537 1491 1762 1550 domos.

356 1577 485 1650 Pis,
533 1578 818 1650 Tithone,
866 1597 1072 1646 senex.
1118 1576 1282 1635 Nam
1317 1597 1421 1635 cur
1458 1583 1582 1633 tam
1632 1594 1810 1632 mane
1848 1575 2079 1652 fugasti

440 1665 738 1721 Auroram
789 1682 821 1720 e
870 1663 1099 1739 tepido,
1147 1662 1311 1720 lente
1357 1662 1593 1733 marite,
1640 1660 1815 1718 toro?

363 1831 595 1908 (3077)
898 1825 1024 1890 Νῦν
1077 1850 1178 1911 μοι
1218 1831 1402 1911 χαῖρε
1439 1825 1655 1907 λέγεις.

357 1915 540 1974 Nunc
581 1917 728 1973 mihi
775 1916 947 1987 dicis,
1000 1916 1199 1989 Have,
1241 1923 1568 1992 postquam
1608 1921 1745 1971 tuus
1784 1913 1889 1971 ille
1928 1914 2132 1971 nitore

446 2003 791 2060 Marmoreo
838 2001 1038 2060 vultus
1085 2001 1296 2078 purior
1336 2000 1618 2058 obsoluit.

360 2084 542 2144 Nunc
586 2086 731 2150 mihi
776 2087 1074 2158 subrides,
1120 2095 1440 2162 postquam
1485 2085 1594 2142 tibi
1639 2092 1877 2161 tempus
1924 2082 2160 2141 ademit

449 2169 683 2229 Cervici
728 2171 936 2229 solitas
979 2171 1294 2229 involitare
1341 2162 1562 2228 comas·

364 2255 526 2314 Hinc
566 2274 759 2334 apage
803 2276 840 2313 a
884 2257 1078 2315 nobis.
1120 2256 1300 2314 nobis
1351 2274 1665 2313 occurrere
1709 2253 1855 2311 noli.

447 2341 587 2399 Non
627 2342 773 2399 mihi
811 2362 922 2418 pro
969 2351 1178 2399 tenera
1221 2342 1402 2417 spina
1447 2339 1710 2416 legenda
1750 2356 1896 2397 rosa
1937 2343 2049 2395 est.

368 2510 604 2587 ζ(181)
913 2504 999 2569 Εἴ
1029 2529 1132 2589 μοι
1177 2507 1264 2574 τὶς
1309 2505 1632 2589 μέμφοιτο.

366 2593 432 2655 Si
471 2596 620 2653 vitio
669 2595 814 2652 mihi
863 2596 998 2668 quis
1046 2595 1244 2666 vertit,
1291 2595 1446 2669 quod
1490 2611 1701 2652 servus
1745 2590 1985 2650 Amoris

447 2680 625 2752 Err0,
666 2680 827 2754 quod
871 2700 1050 2738 omne
1089 2680 1280 2737 oculis
1329 2697 1599 2755 aucupor
1638 2677 1907 2749 alitibus,

363 2764 477 2822 Ille
519 2765 728 2823 Iovem
776 2765 948 2838 sciat,
992 2785 1063 2822 ac
1108 2765 1337 2836 Ditem,
1384 2763 1836 2838 Dominamque
1876 2758 2195 2837 profundi,

452 2848 643 2910 Serva
684 2848 1021 2926 Cupidineo
1064 2849 1224 2908 colla
1268 2849 1509 2908 dedisse
1556 2849 1717 2924 iugo.

368 2934 435 2996 Si
477 2935 619 3008 tale,
667 2943 844 3008 atque
885 2935 1114 2992 homini
1155 2952 1347 3011 genus
1392 2942 1485 2992 est
1518 2931 1813 2991 imitabile
1853 2930 2103 2999 Divum,

447 3020 605 3079 Post
647 3020 842 3091 divos,
881 3020 1184 3094 ⁴quodnam
1234 3019 1458 3076 crimen
1505 3037 1708 3075 amare
1752 3034 1949 3073 meum
1999 3013 2136 3073 est?

858 3361 861 3362 f
887 3235 1247 3313 cARMINA
1302 3234 1674 3312 Sssfflc'm.

1099 3388 1461 3462 Theoynidis.

377 3473 427 3530 1.
510 3472 807 3531 Vinosum
847 3492 973 3529 non
1011 3480 1105 3530 est
1145 3472 1243 3530 fas
1288 3472 1485 3529 siccos
1532 3470 1687 3526 inter
1724 3468 1976 3525 adesse:

459 3557 695 3619 Siccum
744 3556 991 3616 vinosos
1038 3557 1196 3615 inter
1244 3556 1465 3615 adesse
1508 3554 1702 3613 nefas.
