2452 4186
1268 298 1392 359 256

405 459 513 529 IE.
582 459 661 526 Εἰ
708 463 778 525 σὺ
825 462 887 525 ἐν
934 463 1094 547 αἰτίᾳ
1136 463 1290 539 ἐσσὶ,
1328 464 1387 525 τί
1413 462 1587 546 θῦμα
1624 461 1805 524 θάνοι
1853 467 1960 527 σεῦ
1994 447 2196 546 ἕκητις

580 546 804 611 Σκαιὸν
836 547 898 610 ἐν
929 549 1238 633 ἀλλοτρίῳ
1262 548 1510 632 θανάτῳ
1536 546 1671 634 βίου
1696 545 1898 609 ἐλπίδ’
1934 549 2239 613 ἀνάπτειν.

409 631 495 703 lc.
577 628 727 714 Εἴγε
773 632 952 717 φίλον
994 633 1127 695 τινά
1173 655 1270 695 σοι
1315 636 1532 715 ζητεῖς,
1573 631 1612 713 ἢ
1659 631 1870 693 πιστὸν
1918 634 2188 717 ἑταῖρον,

584 713 745 801 Οὐχὶ
772 716 986 802 τύχην,
1023 718 1259 800 μᾶλλον
1287 717 1349 779 δ’
1381 717 1572 780 αὐτοῦ
1599 715 1729 799 βίον
1750 716 1974 799 ἀνδρὸς
1998 716 2241 801 ἐρεύνα.
2348 699 2355 705 ’

405 799 509 866 ΙΖ.
583 798 722 863 Τῶν
746 805 974 863 σαυτοῦ
1008 803 1276 864 κτεάνων
1300 799 1370 864 εὖ
1397 803 1678 886 πάσχειν,
1708 799 1855 883 μήδ’
1883 797 1991 864 ἔσο
2018 802 2241 890 κίμβιξ.

584 882 688 953 Τίς
716 886 998 968 προκοπὴ
1026 884 1346 962 πλούτοιο,
1372 882 1787 967 πενητεύοντά
1819 907 1886 947 σε
1922 889 2243 964 πλουτεῖν;

410 966 517 1034 ΙΗ.
565 967 684 1031 ’Ὴν
731 973 933 1053 τηρεῖν
984 967 1302 1053 ἐθέλησθα
1348 970 1449 1032 διὰ
1500 973 1664 1052 ζωῆς
1707 967 1892 1037 κλέος
1936 970 2187 1048 ἐσθλὸν,
2246 1009 2253 1016 ·

583 1054 790 1135 Φεῢγε
830 1053 976 1117 νόου
1007 1056 1356 1138 ’φυλακαῖσι
1383 1055 1519 1140 βίου
1544 1053 1900 1138 κακόχαρτα
1926 1054 2207 1141 δέλετρα.

412 1137 515 1203 ΙΘ.
576 1136 921 1222 Ἀρτίφρων
961 1137 1233 1201 τελέθων
1281 1141 1367 1223 μὴ
1416 1139 1801 1223 δὴ’χλεύαζε
1841 1141 1910 1201 τὸ
1950 1145 2166 1226 γῆρας.

580 1220 925 1307 Νηπιαχῶς
955 1222 1204 1306 φρονέει
1226 1223 1366 1309 γὰρ,
1398 1223 1522 1290 ὅτις
1550 1223 1766 1307 μέτρον
1787 1222 1951 1286 ἵκετο
1981 1226 2209 1330 γήρως.

405 1304 489 1371 Κ.
580 1305 664 1370 Τε
712 1308 896 1369 νίδιον
944 1308 999 1368 τὶ
1046 1308 1287 1390 μάθοις,
1327 1314 1435 1392 τῆς
1475 1308 1761 1413 εὐτυχίης
1796 1308 1855 1388 γ’
1901 1309 2206 1393 ἀπιουσης

575 1332 787 1475 Ἀἒὲρὶ
813 1390 1003 1475 μένει,
1031 1393 1133 1455 καὶ
1168 1397 1368 1463 ζῶντα
1391 1395 1457 1456 τὸ
1493 1414 1730 1476 τεχνιον
1758 1392 1872 1454 οὐκ
1896 1393 2238 1457 ἀπολείπει.

412 1472 760 1540 ΚΑ.”Ἀττα
805 1475 972 1558 λέγει
1010 1499 1104 1538 τοι
1148 1477 1424 1552 ἕκαστος,
1470 1477 1622 1559 ἀκὴν
1670 1478 1961 1561 βασάνιζε
2014 1484 2238 1561 σιωπῇ.

572 1559 775 1624 Ἤθεα
818 1561 934 1644 γὰρ
966 1559 1254 1644 μερόπων
1281 1562 1493 1625 κεύθει
1520 1560 1722 1642 λόγος,
1745 1560 1854 1644 ἥδ’
1875 1563 2237 1646 ἀπογυμνοῖ.

405 1642 548 1709 ΚΒ.
570 1646 786 1709 ’Άσκει
828 1647 934 1729 τὴν
991 1645 1273 1728 μελέτην,
1319 1648 1374 1709 εἰ
1413 1647 1518 1709 καὶ
1559 1645 1779 1731 τέχνην
1826 1646 2002 1709 ἐδιδά
2049 1647 2184 1730 θης.

574 1729 655 1794 ‘H
700 1728 921 1813 μελέτη
971 1731 1072 1792 τὸν
1120 1735 1287 1807 νοῦν,
1343 1732 1478 1816 χεὶρ
1524 1731 1630 1814 τὴν
1681 1729 1933 1813 ἄσκησιν
1984 1731 2014 1793 ἐ
2067 1732 2197 1803 ίζει.

405 1810 541 1876 ΚΓ.
582 1813 686 1898 Μὴ
726 1813 986 1895 πότμοιο
1038 1816 1301 1897 μερίμνα
1359 1814 1802 1900 ἐπερχομένοιο
1851 1817 2165 1899 τελευτήν.

586 1895 675 1962 Οὐ
722 1899 972 1982 τρομέει
1006 1900 1114 1981 τὴν
1164 1904 1383 1984 μοῖραν
1432 1901 1464 1962 ό
1511 1901 1617 1983 τὴν
1666 1900 1831 1981 ζωὴν
1875 1901 2203 1983 ἀθερίζων.

413 1978 543 2045 ΚΔ.
578 1981 870 2045 Μάνθαν’
920 1981 1032 2045 ἀπ’
1081 1983 1429 2067 ἐμπείρων,
1478 1984 1549 2046 σὺ
1599 1984 1668 2046 δὲ
1708 1983 2001 2067 ἀπείρους
2048 1985 2241 2048 ἐσθλὰ

1633 2068 1897 2138 δίδαξον.

579 2149 859 2216 Ἐσθλῶν
901 2151 1016 2236 γὰρ
1064 2154 1324 2238 διδαχὴν
1370 2155 1458 2222 εἰς
1486 2154 1760 2222 πολλοὺς
1781 2155 1880 2216 δεῖ
1898 2155 2236 2218 διαδοῦναι.

413 2234 543 2300 ΚΕ.
580 2236 730 2300 Πῖνε
773 2240 841 2300 τὸ
892 2236 1109 2321 μέτρον
1159 2243 1295 2318 σοῦ,
1343 2238 1407 2301 εἴ
1431 2262 1527 2300 σοι
1554 2239 1734 2322 φίλον
1760 2236 1901 2300 ἔσθ’
1931 2240 2236 2321 ὑγιαίνειν.

449 2378 455 2385 .
574 2320 657 2385 ‘H
699 2322 813 2406 γὰρ
863 2321 1012 2404 ἄγαν
1043 2325 1322 2405 σπατάλη
1354 2325 1579 2406 λυγρῆς
1604 2322 1790 2385 νόσου
1824 2323 2013 2385 αἴτιον
2064 2323 2236 2386 ἐστίν.

411 2402 529 2476 Κς.
561 2401 736 2471 ζὈττι
777 2430 891 2489 περ
938 2409 1215 2491 αἰνήσαις
1254 2411 1654 2484 κατενώπιον,
1699 2408 1738 2490 ἢ
1786 2409 2167 2491 δοκιμάσαις,

583 2491 688 2574 Μὴ
734 2493 887 2576 τῷδ’
937 2492 1257 2576 εὐχερίῃσι
1300 2492 1447 2554 νόου
1488 2494 1637 2554 πάλι
1680 2496 1895 2575 μῶμον
1944 2493 2203 2577 ἀνάψης.

412 2573 541 2639 ΚΖ.
575 2574 908 2661 Εὐτυχέων
961 2577 1029 2639 τὸ
1075 2578 1265 2661 τύχης
1309 2576 1371 2644 ἐς
1417 2577 1685 2639 ἐναντίον
1735 2576 2002 2645 ἀσταθὲς
2041 2576 2233 2660 ἄθρει.

584 2661 952 2744 Δυστυχέων
984 2663 1055 2724 δὲ
1076 2663 1255 2723 πάλιν
1282 2662 1422 2743 περὶ
1437 2667 1550 2725 σοῦ
1569 2666 1737 2746 σχεῖν
1754 2661 1958 2723 ἐλπίδ’
1982 2663 2232 2746 ἀμείνω.

414 2743 549 2808 ΚΗ.
576 2743 874 2808 Μάνθανε
902 2747 984 2828 μὴ
1007 2746 1234 2829 λήγων.
1271 2745 1495 2828 μελέτη
1525 2747 1744 2851 σοφίην
1777 2743 1929 2825 μάλ’
1961 2746 2232 2831 ὀφέλλει.

579 2827 812 2914 Μακρῇ
851 2832 965 2914 γὰρ
992 2830 1173 2913 πείρῃ
1202 2830 1472 2898 σπανίως
1506 2853 1730 2915 χρονος
1755 2828 1949 2914 ἄνδρα
1978 2831 2232 2916 σοφίζει.

411 2913 544 2979 ΚΘ.
577 2913 751 2978 Αἴνει
794 2913 1196 2998 φειδομένως.
1243 2914 1309 2976 ὃν
1353 2916 1615 2977 πολλάκι
1654 2915 1767 2999 γὰρ
1810 2915 2192 2998 δοκιμάσαις,

567 2996 681 3063 (Ἐν
727 3021 876 3062 ποτε
920 3001 1035 3077 σοὶ,
1077 2998 1254 3067 ποιός
1295 3022 1382 3067 τις
1428 2997 1533 3083 ἔην
1565 3001 1762 3081 φίλος,
1787 2998 1957 3083 ἦμαρ
1987 2999 2231 3082 ἐλέγξει.

411 3085 483 3147 Λ.
579 3083 747 3168 Μήτι
769 3083 1200 3168 καταισχύνοιο
1241 3084 1481 3165 μαθεῖν,
1500 3084 1568 3146 τό
1596 3108 1710 3167 περ
1741 3084 1854 3146 οὐκ
1883 3084 2230 3168 ἐδιδάχθης.

582 3168 836 3232 Αἰνετόν
886 3169 1013 3230 ἐστι
1093 3168 1334 3251 άθησις,
1361 3171 1393 3232 ὁ
1417 3170 1479 3231 δ’
1511 3169 1759 3252 ἀγνοίης
1788 3166 1928 3250 ἔρος
1961 3169 2228 3253 αἰσχρόν.

413 3253 543 3317 ΛΑ.
578 3251 844 3337 Κύπριδι
886 3254 989 3316 καὶ
1033 3193 1270 3338 ἕάκχῳ
1313 3252 1437 3335 ἔρις
1480 3253 1829 3338 εὐφροσύνη
1854 3276 1919 3315 τε
1956 3254 2228 3315 σύνεισιν.

577 3337 894 3408 Ἀσπάζου
935 3339 1004 3400 τὸ
1047 3338 1352 3420 προσηνὲς
1399 3339 1557 3417 ἐνὸν,
1597 3337 1672 3400 τὰ
1701 3339 1770 3401 δὲ
1797 3337 2002 3400 νείκεα
2029 3342 2228 3422 φεῦγε.

409 3421 543 3488 ΛΒ.
571 3421 792 3503 Φεόγε
828 3424 1277 3507 χαμαιζήλους,
1319 3424 1421 3484 καὶ
1465 3424 1730 3505 σιγηλῶν
1762 3421 1938 3503 γένος
1976 3422 2226 3505 ἀνδρῶν.

582 3503 625 3592 ᾗ
674 3505 822 3589 νᾶμ’
876 3506 1160 3590 εὔκηλον,
1203 3509 1366 3591 τάχα
1401 3508 1475 3591 δὴ
1506 3507 1665 3591 βαθὺ
1688 3507 2016 3591 κρύπτεται
2046 3507 2223 3591 ὕδωρ.
