2452 4186
1122 302 1237 361 101

259 471 518 528 Miratur
564 469 692 526 veri
734 470 1107 544 stupefactus
1152 473 1420 550 imagine
1465 472 1686 530 lector:

252 555 398 614 ‘Non
446 562 572 612 tam
617 554 772 628 quod
815 555 1110 630 quaedam
1159 566 1256 616 est
1281 555 1501 633 priscis
1528 575 1640 613 sua
1665 558 1862 634 gratia
1886 561 2092 633 rebus,

260 641 462 716 Quam
504 639 671 714 quod
712 640 856 696 flore
908 642 994 697 tui
1034 652 1292 699 vernant
1329 642 1599 699 animata
1641 641 1874 719 leporis

259 723 520 782 Lumine
561 743 865 800 purpureo
914 725 1134 801 Tyrias
1178 726 1477 784 imitantia
1513 726 1701 785 luces.

261 812 582 868 Annorum
629 809 936 884 saeclique
973 830 1196 886 parens
1246 813 1540 888 longaeva
1582 810 1895 884 Vetustate,

261 893 376 953 Cui
418 894 576 951 caeli
619 895 806 952 servit
848 896 1061 968 series,
1108 896 1204 954 cui
1245 905 1525 972 tempora
1568 905 1745 955 vasto

263 978 634 1055 Suppeditat
674 988 889 1036 natura
933 981 1099 1038 sinu:
1145 1001 1302 1056 quae
1348 1000 1534 1057 saepe
1577 1000 1908 1043 renascens

260 1065 331 1121 In
376 1072 485 1122 tua
528 1071 589 1121 te
622 1082 874 1122 revocas
919 1065 1198 1143 vestigia,
1240 1076 1417 1141 teque
1463 1065 1573 1124 tibi
1618 1067 1738 1142 ipsi

260 1149 587 1220 Restituis‚
630 1149 861 1207 volucri
904 1150 1182 1227 relegens
1228 1152 1479 1209 exordia
1518 1169 1725 1209 cursu:

263 1234 493 1295 Omnia
534 1233 831 1290 veridicae
879 1235 1108 1293 dictant
1159 1237 1272 1294 tibi
1310 1237 1473 1293 facta
1515 1234 1788 1295 Sorores.

264 1320 467 1380 Omne
514 1338 706 1395 genus
751 1336 950 1376 rerum
986 1321 1094 1378 tibi
1141 1321 1447 1393 scribitur,
1490 1339 1669 1378 omne
1711 1321 2005 1394 laborum,

261 1404 533 1462 Virtutes
580 1404 913 1475 hominum,
960 1406 1246 1480 vitiisque
1287 1396 1603 1462 ha‘erentia
1646 1414 1841 1482 gesta,

261 1489 339 1547 Et
374 1506 477 1546 res
527 1490 824 1547 humanas
869 1489 1097 1548 incisas
1139 1509 1281 1547 aere
1326 1490 1579 1566 perenni

260 1575 331 1631 In
377 1581 485 1631 tua
525 1575 826 1649 congestis
876 1575 1097 1650 opibus
1144 1575 1413 1634 sacraria
1456 1574 1698 1632 condis:

262 1657 434 1730 Quae
478 1659 700 1734 partim
743 1660 1005 1718 aeternis
1050 1661 1368 1737 signarunt
1404 1659 1598 1717 indita
1635 1660 1835 1732 festia,

264 1742 521 1820 Singula
564 1762 676 1818 per
718 1745 924 1802 varios
972 1746 1273 1821 complexi
1313 1745 1561 1803 saecula
1606 1763 1809 1815 casae,

261 1827 519 1886 Divinis
546 1829 827 1887 homines
871 1831 1115 1888 accensi
1152 1839 1404 1906 pectora
1449 1830 1644 1888 curis:

261 1913 494 1970 Partim
547 1931 749 1971 mersa
785 1915 975 1990 nigris
1020 1915 1244 1973 oblivio
1282 1915 1552 1972 condidit
1588 1915 1856 1983 umbri&

260 1999 341 2057 Et
380 2015 544 2055 nunc
586 2009 800 2056 cuncta
843 2000 961 2057 tuis
1002 2000 1199 2077 adytis
1245 2002 1526 2058 abstrusa
1567 1999 1825 2057 laterent

262 2084 426 2141 Irato
465 2083 656 2156 cae10‚
699 2084 760 2142 ni
804 2084 896 2144 vis
941 2085 1204 2143 humana
1252 2084 1507 2144 subinde

261 2169 453 2227 Eruta
495 2169 570 2226 de
610 2169 860 2227 latebris
910 2169 1062 2227 caeli
1112 2172 1413 2246 proferret
1453 2170 1518 2227 in
1557 2189 1722 2241 oras,

265 2254 440 2329 Quae
483 2254 674 2312 doctis
720 2262 988 2312 veterum
1029 2256 1254 2314 chartis
1296 2255 1595 2314 industria
1638 2255 1833 2313 solers

262 2339 566 2414 Exposuit
601 2338 862 2396 nondum
904 2342 1179 2416 proprios
1219 2341 1524 2416 patefacta
1567 2358 1679 2415 per
1721 2357 1876 2397 usus

265 2424 525 2482 Arcanis
572 2442 798 2482 acuens
843 2426 1126 2482 mortalia
1166 2433 1412 2501 pectora
1457 2426 1644 2482 curis:

265 2507 610 2566 Herbarum
656 2510 819 2567 vires
862 2510 1100 2583 tacitas,
1144 2518 1429 2585 artesque
1472 2506 1776 2577 medendi,

264 2592 540 2651 Naturae
585 2602 796 2669 partus
840 2596 1068 2666 varios,
1108 2595 1535 2669 bominumque
1579 2592 1885 2649 ministras

270 2679 736 2754 Quadrupedes,
780 2687 840 2735 et
881 2688 1037 2737 tecta
1083 2679 1211 2737 suis
1252 2678 1539 2736 animalia
1577 2676 1809 2749 lustris,

265 2762 645 2840 Pennigeras
688 2764 987 2835 volucres,
1031 2766 1319 2822 examina
1364 2772 1531 2821 muta
1576 2770 1910 2832 natantum,
1969 2789 1972 2794 ·

266 2850 543 2906 Membra
587 2848 964 2907 colubrorum
1012 2852 1208 2908 caecis
1258 2850 1529 2907 habitata
1565 2847 1838 2905 venenis.

266 2934 439 2992 Adde
487 2934 581 2991 his
620 2934 909 2992 stelliferi
959 2945 1186 2992 motum
1233 2935 1579 2992 comitantia
1618 2932 1850 3003 mundi,

266 3019 346 3077 Et
387 3018 613 3076 mundo
661 3019 918 3077 adverso
963 3020 1217 3077 nitentia
1259 3021 1488 3078 sidera:
1541 3019 1795 3076 fratrem

265 3103 623 3180 Fulgentem
654 3105 941 3180 ‘propt-ia,
979 3105 1247 3161 fraterna
1284 3105 1418 3162 luce
1464 3121 1754 3173 sororem,

268 3187 635 3247 Nimborum
685 3207 887 3261 casua,
934 3190 1203 3262 elisaque
1250 3188 1689 3247 lumina'fissis

264 3272 576 3344 Nubibus,
618 3282 685 3331 et
720 3274 989 3351 trepidas
1028 3274 1320 3331 terrentia
1359 3273 1615 3331 fulmina
1657 3278 1912 3332 mentes.

263 3358 446 3433 Quae
491 3360 627 3433 quis
675 3379 802 3417 non
846 3360 1010 3417 omni
1050 3358 1308 3416 :rimatur
1349 3359 1640 3432 temporis
1686 3358 1841 3416 hora
1857 3359 1894 3416 ἲ·
1933 3385 1936 3390 ·

264 3442 408 3501 Nec
445 3444 565 3501 iam
612 3445 938 3502 confertam
974 3443 1365 3502 nascentibus
1412 3443 1674 3517 undique
1715 3441 1892 3503 libris

267 3527 652 3603 Scriptorum
687 3532 923 3588 turbam
967 3536 1352 3607 grassantum
1404 3527 1593 3585 limite
1629 3527 1773 3584 trito
