2452 4186
1138 274 1262 340 408

287 446 364 490 est
405 439 644 507 cognatio
694 440 832 489 inter
871 438 932 500 C,
991 446 1040 488 et
1074 441 1140 492 G.
1237 441 1325 490 Sic
1376 441 1559 505 ingens
1610 456 1676 489 ex
1728 442 1933 503 iacens,
1980 440 2123 507 quod

286 507 487 559 scilicet
526 509 721 558 censeri
751 524 853 557 non
879 514 1048 574 potest
1070 526 1164 559 nec
1189 509 1476 559 aestimari.
1535 509 1624 558 Sic
1645 510 1784 576 apud
1810 508 2117 569 Varronem,

289 578 484 627 citante
536 577 767 637 Nonio,¹
797 577 920 641 quia
974 579 1039 627 ad
1093 577 1342 627 amussim
1391 580 1478 627 diu
1514 593 1642 641 gens
1679 593 1783 628 non
1819 585 1954 628 erat:
1997 576 2121 643 'leqe

287 646 542 709 Duigem.
593 645 729 712 quod
766 653 841 694 est
880 645 1174 697 Diucensus
1223 646 1365 713 apud
1401 646 1626 706 Festum,
1679 653 1729 695 et
1766 653 1912 696 vetus
1955 645 2119 697 Glos-

292 715 492 766 sarium
530 714 714 764 Sancti
755 713 1017 764 Germani.

363 783 585 833 Tenirae
620 790 740 832 sunt
779 782 937 843 Deae,
981 799 1109 849 quas
1140 782 1321 832 Festus
1349 782 1428 832 ait
1468 798 1503 833 a
1522 783 1754 832 Tenuit-a
1774 782 1854 832 ita
1883 790 2121 833 vocatas.

291 851 380 901 Ita
413 851 602 901 Furias
643 851 1028 902 nominavimus.
1095 852 1200 901 Sed
1231 858 1427 901 veteres
1458 859 1583 918 puto
1627 851 1820 900 dixisse
1853 851 2121 912 Tesniras,

288 927 348 969 ut
384 919 597 981 Cesum,
634 927 684 968 et
717 920 932 980 Pesna3‚
975 928 1022 969 et
1050 919 1301 987 pleraque
1343 920 1603 969 eiusmodi.
1653 919 1841 985 Itaque
1869 920 2120 972 Teanirae

291 996 442 1038 erunt
477 989 774 1057 τισάνεῑραι,
819 1005 951 1054 quae
981 988 1208 1038 homines
1239 988 1476 1055 puniunt.

331 1055 394 1106 16
464 1057 684 1106 Telamo
720 1073 809 1106 seu
848 1057 1103 1118 Tellum0‚
1139 1057 1274 1106 idem
1310 1065 1399 1106 est.
1456 1057 1588 1119 Quos
1628 1055 1822 1105 Graeci
1861 1052 2116 1110 ἅτλαντας

291 1124 432 1194 παρὰ
484 1122 543 1174 τὸ
579 1123 760 1194 τλῆναι
800 1134 1082 1187 vocarunt,
1144 1142 1226 1175 eos
1280 1124 1459 1175 Latini
1509 1124 1838 1175 Telamonem.
1923 1122 2020 1172 Sed
2053 1130 2116 1172 ut

291 1190 532 1260 τελαμὼν
576 1194 832 1245 Graecum
870 1194 1009 1264 παρὰ
1039 1192 1098 1244 τὸ
1133 1192 1285 1264 τλᾷν,
1319 1195 1399 1244 ita
1428 1202 1478 1243 et
1511 1194 1749 1243 Tellamo
1791 1191 1931 1259 apud
1974 1190 2119 1241 Var-

291 1277 500 1323 ronem,
553 1263 748 1311 citante
793 1261 1111 1329 Augustino,
1171 1264 1402 1329 quamvis
1459 1279 1523 1311 ea>
1577 1260 1780 1310 Tellure
1829 1261 2120 1321 deductum,

288 1331 445 1398 ,quasi
483 1326 678 1401 χθονὸς
719 1327 858 1388 θεὸς,
903 1340 1072 1381 tamen
1108 1340 1184 1381 est
1221 1332 1354 1382 idem
1388 1332 1572 1398 ipsum,
1611 1337 1660 1378 et
1700 1330 1909 1379 eandem
1950 1330 2123 1395 oripi-

290 1416 404 1449 nem
443 1398 621 1451 habet:
666 1399 801 1449 Nam
839 1407 887 1448 et
932 1401 1112 1451 Tellus
1149 1402 1267 1466 ipsa
1304 1401 1411 1449 sive
1446 1400 1685 1449 Tellumo
1721 1398 1863 1468 παρὰ
1887 1395 1945 1448 τὸ
1964 1395 2124 1466 τλᾷν.

291 1467 378 1518 vel
411 1474 471 1518 ut
520 1469 778 1518 vetussimi
819 1469 1010 1519 Graeci
1044 1467 1236 1520 τελάω.
1308 1469 1440 1519 unde
1477 1468 1581 1518 telo
1616 1466 1944 1526 Latinorum,
1981 1467 2128 1532 quod

290 1537 512 1604 posteris
550 1537 742 1587 dictum
779 1538 960 1587 Tollo:
1016 1538 1084 1599 E,
1125 1538 1180 1587 in
1221 1538 1264 1587 Ο
1303 1545 1360 1586 ut
1397 1538 1569 1597 Blera,
1609 1537 1779 1586 olera:
1829 1537 2125 1594 homonem,

291 1606 594 1667 homonem3
629 1614 723 1657 etc.
766 1613 814 1655 et
844 1607 1108 1672 qeminata
1151 1614 1479 1656 consonante.
1515 1621 1636 1654 nam
1674 1613 1868 1654 veteres
1902 1620 2005 1656 non
2022 1622 2125 1671 qe-

291 1673 559 1724 minabant
595 1683 951 1725 consonantes.
1027 1674 1160 1736 Quin
1197 1682 1247 1723 et
1292 1676 1457 1741 ipsum
1496 1674 1813 1724 Graecorum
1854 1673 2126 1739 antiquum

292 1740 489 1798 τελάω,
523 1745 848 1810 pereqrinum
888 1752 995 1806 est,·
1029 1753 1106 1793 est
1139 1744 1290 1804 enim,
1331 1752 1392 1792 ut
1423 1743 1632 1808 infinita
1657 1741 1787 1803 alia,
1816 1742 2128 1808 exSyriaca

294 1810 492 1879 linqua.
529 1828 650 1861 nam
683 1813 738 1861 in
778 1829 839 1862 ea
867 1813 970 1862 Tal
1008 1820 1083 1862 est
1118 1810 1271 1881 τλᾷν,
1304 1820 1363 1861 ut
1399 1811 1491 1881 ἔρα
1516 1812 1736 1877 Syriaco
1776 1828 1878 1874 era,
1916 1809 2125 1861 Arabes

293 1888 344 1929 et
377 1879 601 1930 Hebraei
638 1882 760 1932 Erd.
801 1898 898 1947 quo
936 1883 1136 1931 nomine
1172 1897 1341 1931 omnes
1376 1897 1505 1947 pene
1536 1881 1615 1929 ita
1646 1888 1851 1931 vocant.

327 1947 361 1997 ⁶2
431 1948 761 1998 Ambarvalis
796 1951 1062 2014 Neptunus
1103 1950 1242 2016 quod
1279 1949 1474 1999 ambiat
1511 1966 1659 1999 arva.

327 2016 361 2066 3
430 2017 704 2080 Empanda
741 2034 838 2083 pro
868 2019 1068 2069 Cerere.
1119 2018 1285 2067 Varro
1309 2018 1450 2084 apud
1469 2016 1828 2084 Auqustinum,
1857 2024 1907 2065 et
1927 2016 2125 2065 Festus.

329 2082 362 2133 4
431 2086 530 2134 Dis
566 2102 630 2134 ex
668 2085 869 2136 Graeco
915 2084 1032 2143 δεὺς
1071 2105 1170 2154 pro
1211 2085 1343 2146 ζεῦς.
1390 2087 1524 2137 unde
1558 2087 1763 2155 patrius
1809 2102 1957 2136 casus
1992 2082 2124 2140 διός.

298 2151 440 2202 Unde
481 2153 681 2205 Diiovis
729 2155 870 2220 apud
909 2154 1208 2206 Varronem.
1252 2163 1437 2222 postea
1476 2158 1526 2206 D
1569 2157 1752 2224 periit,
1800 2162 1859 2205 ut
1898 2155 2118 2213 DianuS,

291 2222 465 2272 Ianus,
518 2223 652 2272 unde
690 2224 864 2273 Diana
909 2225 1098 2275 mansit
1145 2223 1287 2294 παρὰ
1332 2223 1390 2275 τὸ
1434 2224 1562 2275 δῖον.
1611 2225 1718 2274 Nos
1764 2225 1820 2272 in
1874 2223 2022 2282 Iove,
2061 2229 2122 2271 ut

196 2326 205 2338 .
294 2291 452 2341 etiam
482 2291 538 2339 in
572 2292 746 2341 multis
783 2292 933 2353 aliis,
987 2310 1297 2343 communem
1346 2294 1631 2361 opinionem
1668 2293 1830 2343 secuti
1875 2307 2044 2341 sumus
2087 2306 2127 2340 a

292 2359 544 2411 IuvandO.

329 2427 363 2477 4
432 2429 683 2489 Februus,
725 2436 800 2478 est
840 2447 873 2479 a
921 2430 1121 2480 Graeco
1141 2424 1452 2500 'kpotssdtem
1495 2429 1757 2500 φοίβερος.
1837 2428 1923 2478 Ita
1959 2427 2125 2492 ἐρίων·

294 2496 553 2546 Phoebum
590 2498 851 2547 vertimus.

330 2563 365 2613 6
432 2565 696 2627 Nerienem,
733 2566 986 2616 Mavortis
1027 2584 1319 2634 cognomen.
1364 2567 1608 2616 Sabinum
1636 2564 1959 2621 vocabulum,
1980 2561 2126 2630 παρὰ

294 2631 353 2683 τὸ
392 2636 567 2703 νεῦρα.
607 2632 906 2700 Aliquando
942 2635 1145 2685 videtur
1164 2636 1461 2702 siqnificare
1477 2635 1638 2685 Deam
1662 2634 1894 2685 comitem
1912 2632 2124 2683 Martis.

295 2701 479 2821 Ιᾶαἶιιιε
512 2710 754 2767 putamus
789 2703 924 2753 nihil
963 2721 1067 2753 esse
1103 2722 1258 2772 quam
1290 2702 1501 2774 νηρεΐὸα
1532 2704 1617 2754 vel
1643 2703 1891 2773 νερεῖνην.
1931 2700 2128 2749 Nerine

351 2788 384 2820 a
448 2778 548 2822 tea.

328 2837 363 2888 7
432 2840 692 2889 Pamnda.
739 2839 904 2888 Varro
942 2839 1084 2906 apud
1117 2838 1477 2906 Auqustinum‚
1524 2839 1715 2890 Graeci
1744 2833 1983 2888 εἰλίθυιαν
2020 2852 2124 2884 vo-

296 2916 421 2958 cant
469 2906 609 2977 παρὰ
647 2907 740 2978 τὴν
779 2904 994 2959 ἔλευσιν.
1054 2909 1191 2974 quod
1235 2908 1396 2972 facile
1437 2910 1652 2959 accedat
1686 2906 1925 2957 iuvandis
1958 2920 2124 2971 puer-

291 2977 453 3043 peris,
490 2976 576 3026 vel
611 2976 747 3042 quod
778 2975 940 3040 facile
975 2977 1112 3027 viam
1151 2977 1235 3026 det
1267 2979 1467 3044 partui,
1512 2977 1607 3027 hoc
1647 2976 1717 3026 ad
1752 2973 1959 3024 verbum
1994 2981 2126 3022 esset

295 3046 484 3096 Latine
510 3046 733 3107 Venilia,
757 3061 888 3111 quae
909 3053 983 3095 est
1006 3062 1040 3095 a
1070 3045 1335 3106 veniendo,
1372 3054 1428 3095 ut
1453 3046 1530 3096 ait
1557 3047 1755 3097 Varro:
1793 3044 1883 3093 sed
1914 3041 2025 3092 alia
2048 3051 2127 3091 est

295 3113 427 3167 Dea.
462 3114 572 3164 Nos
607 3131 711 3163 non
747 3114 1043 3181 respicimus
1077 3121 1363 3180 potestates
1397 3131 1571 3165 eorum
1600 3113 1878 3173 numinum,
1913 3110 2003 3161 sed
2021 3127 2126 3160 no-

295 3182 437 3232 mina
480 3191 693 3232 tantum.
733 3182 1053 3233 Invocabant
1089 3191 1138 3231 et
1165 3183 1521 3233 Nummeriam
1544 3186 1728 3243 Deam,
1767 3188 1826 3231 ut
1846 3181 1925 3230 ait
1952 3178 2127 3229 Varro

295 3250 373 3300 De
414 3250 587 3300 liberis
625 3251 920 3312 educandis,
957 3251 1094 3318 quod
1124 3267 1337 3302 numero
1369 3270 1465 3319 pro
1484 3253 1691 3324 ταχέως
1720 3250 1913 3300 dicunt.
1946 3249 2130 3314 itaque

295 3317 390 3440 τέν
426 3317 700 3370 ὠκὺτοκον
737 3321 1093 3370 Nummeriam
1130 3321 1392 3372 vertimus.

434 3389 593 3438 Virae
631 3397 751 3437 sunt
784 3389 1062 3456 nymphae,
1104 3396 1162 3439 ut
1200 3388 1331 3439 alibi
1372 3408 1437 3440 ea·
1485 3389 1633 3439 Festo
1672 3386 1892 3436 diximus
1905 3421 1922 3447 ,
1976 3384 2128 3451 quasi

295 3455 571 3529 χλωρίδες.
615 3456 990 3522 Querquetulae
1034 3455 1270 3529 δρυάδες.
1816 3469 1821 3475 “
