2452 4186
1208 317 1330 378 162
1391 380 1400 389 ,

347 485 523 552 Ἐστι
543 484 752 554 Πύλος
790 486 908 570 πρὸ
944 481 1202 547 Πύλοιο.
1249 481 1459 550 Πόλος
1482 502 1554 562 γε
1580 480 1690 561 μὲν
1726 479 1854 541 ἐστὶ
1875 479 1984 541 καὶ
2002 477 2190 561 άλλη.

344 571 642 656 Ἂβδηρα
679 570 839 652 καλὴ
884 565 1091 651 Τηΐων
1131 568 1406 632 ἀποικία.

346 656 713 741 Ἀλάβανδα
755 651 985 738 Καρῶν
1039 651 1450 758 εὖτυχεστάτη
1496 647 1694 715 πόλις.

355 741 590 805 Δοδναι
633 740 744 823 μὲν
787 739 876 806 εἰς
899 733 1318 820 Ἐπακτρεων,
1368 736 1582 820 λαβεῖν
1632 734 1704 795 δὲ
1747 731 1853 815 μή.

355 822 467 894 Εἰς
501 822 725 901 Φᾶσιν,
774 820 926 884 ἐνθὰ
966 822 1177 884 ναυσὶν
1225 818 1492 905 ἔσχατος
1535 815 1752 885 πλόος.

354 906 660 993 Κόρινθος
704 907 911 992 ὀφροᾷ
950 926 1019 966 τε
1060 905 1163 969 καὶ
1207 905 1604 968 κοιλαίνεται.

1031 990 1195 1054 Ἀπὸ
1239 989 1501 1072 ἀνδρῶν.

355 1076 632 1160 Αἰσχρὸν
680 1072 938 1148 σιωπᾶν,
982 1071 1332 1156 Ἰσοκράτην
1380 1071 1445 1134 δ’
1492 1071 1601 1155 ἐᾷν
1647 1067 1867 1149 λέγειν.

358 1159 702 1241 Σοκαμίνον
746 1155 878 1220 ἔσθ’
929 1159 962 1221 ὁ
1013 1156 1257 1225 Σύλλας
1298 1157 1538 1240 ἀλφίτῳ
1577 1151 2000 1234 πεπασμένον.

539 1245 636 1311 [cf.
678 1243 750 1299 A.
789 1242 994 1294 Salaeni
1026 1243 1221 1310 adagio
1263 1242 1585 1294 Graecorum}
1616 1256 1668 1307 p.
1704 1236 1852 1303 58⁰.]

340 1417 428 1483 Ὠ
477 1415 639 1492 Τίτε,
685 1418 750 1480 εἴ
783 1442 837 1481 τι
883 1419 1098 1504 βοηθῶ
1144 1418 1292 1501 ἐγὼ,
1343 1415 1668 1502 μελεδῶνά
1710 1400 1775 1476 θ’
1817 1413 2095 1496 ὑφαιρῶ,

345 1499 433 1568 “H
478 1498 538 1565 ἐπ’
587 1503 738 1578 εὕει,
777 1504 882 1566 καὶ
931 1504 1142 1586 στήθει
1186 1496 1722 1588 ἐνιχριμ[φ]θεῖσα
1769 1496 2035 1575 δονεΰει,

363 1584 567 1651 Τοόδε
602 1587 662 1650 τί
705 1585 877 1650 ἔσται
918 1585 1146 1651 ἄεθλον
1161 1612 1180 1663 3
1635 1585 1867 1664 [Cicero
1916 1584 2063 1644 Cato
2116 1580 2201 1660 1.]

362 1709 472 1782 Εἷς
511 1715 545 1799 β
591 1713 730 1781 ότος
768 1714 854 1798 ἀμ
899 1714 1125 1777 ολίαισι
1163 1715 1231 1776 τὸ
1278 1716 1397 1775 πᾶν
1440 1715 1585 1797 ἡμῖν
1634 1709 1971 1774 ἀνέσωσεν.

365 1793 459 1861 Οὐ
501 1736 617 1881 γὲρ
674 1797 772 1881 ὅγ’
819 1821 849 1860 ε
896 1798 1067 1882 σοΐης
1112 1796 1472 1882 ψιθυριστὰς
1514 1795 1822 1881 προύθετο
1859 1792 2197 1878 θρόλλους.

365 1877 473 1967 Τῷ
513 1886 617 1945 νῦν
658 1879 844 1969 εὖχος
889 1883 989 1946 ἀεὶ
1031 1881 1089 1946 τ’
1114 1883 1341 1967 ἀνδρὸς
1378 1880 1547 1965 μάλα
1585 1881 1689 1946 καὶ
1738 1880 1910 1965 μάλα
1949 1877 2198 1943 θάλλει.

1756 1968 2015 2045 [Ibidem
2068 1962 2199 2041 10.]

359 2046 471 2119 Ὡς
516 2048 619 2113 ὅτε
669 2051 754 2119 τὶς
800 2051 1038 2134 νίκησεν
1082 2046 1395 2135 Ὀλύμπια
1441 2051 1738 2118 πολλάκις
1780 2048 1984 2125 ἵππος,

364 2131 613 2197 Νόσσαν
655 2137 778 2220 πάρ
818 2137 1123 2221 πυμάτην,
1171 2138 1203 2199 ὁ
1252 2136 1321 2199 δὲ
1366 2135 1631 2198 παύεται
1675 2133 2136 2218 ἐσχατόγηρως.

594 2285 607 2300 ,
1757 2222 2017 2299 [amem
2070 2221 2199 2298 14]

368 2306 683 2384 Sequentes
711 2309 898 2366 Ennii
919 2311 1115 2367 &ersus
1139 2310 1449 2367 secundum
1465 2310 1870 2367 correctionem
1888 2306 2198 2384 Scaliqeri.

455 2389 594 2468 Qu'o
640 2392 821 2453 vobis
856 2401 1113 2468 mentes,
1156 2402 1359 2452 rectae
1401 2412 1558 2471 quae
1605 2401 1769 2452 stare
1814 2392 2096 2452 solebant

369 2479 667 2552 Antehac,
712 2479 1024 2538 dementes
1073 2498 1212 2540 sese
1266 2481 1489 2537 flexere
1532 2476 1769 2536 vietae?

350 2556 436 2622 Ὤ
487 2558 723 2644 ἄνδρες,
768 2564 888 2623 ποῦ
923 2565 1025 2623 νῦν
1074 2560 1243 2646 ἄφαρ
1288 2562 1426 2644 ὑμῖν
1471 2559 1534 2623 αἱ
1579 2560 1646 2621 τὸ
1693 2557 1990 2641 πάροιθεν

358 2639 611 2728 Ὄρθιαι
654 2642 897 2727 ἤμυσαν
937 2641 1156 2729 φρένες
1198 2644 1465 2730 ἄφρονες
1510 2643 1945 2718 ἐξατονοΰσαις

451 2771 650 2832 Nemo
690 2792 789 2831 me
825 2775 1145 2834 lacrumeis
1189 2776 1450 2848 decoret,
1490 2794 1687 2852 neque
1709 2774 1953 2833 Funera
1987 2774 2198 2833 fletom

537 2858 776 2929 Facsit3
828 2878 969 2917 nam
1012 2860 1197 2919 volito
1245 2855 1399 2917 vivo‘
1444 2879 1552 2935 per
1594 2879 1702 2918 ora
1742 2859 1958 2917 vil-om.

454 2936 649 3023 Μήτις
694 2961 797 3022 μοι
838 2940 1168 3023 ’νδακρόοι,
1218 2942 1301 3025 μή
1352 2963 1418 3003 τε
1457 2940 1794 3025 θρηνήτρια
1834 2939 2061 3003 κλαίοι.

533 3023 813 3108 Ἀνδρῶν
857 3024 972 3108 γὰρ
1017 3024 1283 3108 πέτομαι
1328 3025 1489 3096 ζωὸς
1531 3024 1649 3087 ἀνὰ
1676 3025 2016 3108 στομάτων.
2060 3028 2198 3106 [73]

456 3280 712 3359 Edepol,
763 3289 1065 3356 senectae,
1109 3282 1164 3342 εἰ
1184 3197 1384 3342 sntizffi
1404 3282 1732 3360 quidquam
1776 3281 1941 3340 aliud
1985 3281 2121 3340 vitii

372 3369 682 3446 Appertes
725 3374 941 3441 tecum,
988 3385 1164 3444 quom
1214 3369 1488 3441 adveniS,
1521 3387 1707 3426 unum
1750 3366 1815 3426 id
1858 3374 1966 3450 sat·
2002 3374 2129 3427 eetz

372 3451 498 3512 Diu
536 3451 670 3527 quis
710 3451 968 3512 vivendo
1010 3454 1218 3528 multa,
1265 3472 1420 3531 quae
1462 3469 1588 3513 non
1619 3453 1771 3525 volt,
1814 3451 1995 3510 videt.

443 3530 527 3596 Ὦ
563 3537 776 3618 γῆρας,
823 3535 878 3597 εἰ
918 3534 1020 3596 καὶ
1062 3535 1316 3619 προσιὸν
1369 3533 1548 3598 οὐδὲν
1596 3533 1750 3597 ἄλλο
1797 3533 1850 3596 τὶ
