<?xml version="1.0" encoding="UTF-8"?>
<!DOCTYPE html PUBLIC "-//W3C//DTD XHTML 1.0 Transitional//EN"
    "http://www.w3.org/TR/xhtml1/DTD/xhtml1-transitional.dtd">
<html xmlns="http://www.w3.org/1999/xhtml" xml:lang="en" lang="en">
 <head>
  <title>
</title>
<meta http-equiv="Content-Type" content="text/html;charset=utf-8" />
  <meta name='ocr-system' content='tesseract 3.04.00' />
  <meta name='ocr-capabilities' content='ocr_page ocr_carea ocr_par ocr_line ocrx_word'/>
</head>
<body>
  <div class='ocr_page' id='page_1' title='image "./iosephiscaliger02scalgoog/iosephiscaliger02scalgoog_0092.png"; bbox 0 0 2452 4186; ppageno 0'>
   <div class='ocr_carea' id='block_1_1' title="bbox 1267 321 1345 379">
    <p class='ocr_par' dir='ltr' id='par_1_1' title="bbox 1267 321 1345 379">
     <span class='ocr_line' id='line_1_1' title="bbox 1267 321 1345 379; baseline -0.013 0"><span class='ocrx_word' id='word_1_1' title='bbox 1267 321 1345 379; x_wconf 73' lang='lat'><strong>92</strong></span> 
     </span>
    </p>
   </div>
   <div class='ocr_carea' id='block_1_2' title="bbox 1156 407 1454 414">
    <p class='ocr_par' dir='ltr' id='par_1_2' title="bbox 1156 407 1454 414">
     <span class='ocr_line' id='line_1_2' title="bbox 1156 407 1454 414; baseline 0 3772"><span class='ocrx_word' id='word_1_2' title='bbox 1156 407 1454 414; x_wconf 95' lang='lat' dir='ltr'><strong> </strong></span> 
     </span>
    </p>
   </div>
   <div class='ocr_carea' id='block_1_3' title="bbox 389 489 2138 1588">
    <p class='ocr_par' dir='ltr' id='par_1_3' title="bbox 390 489 2019 650">
     <span class='ocr_line' id='line_1_3' title="bbox 392 489 2019 566; baseline 0.002 -19"><span class='ocrx_word' id='word_1_3' title='bbox 392 489 551 564; x_wconf 82' lang='lat' dir='ltr'><strong>Quid</strong></span> <span class='ocrx_word' id='word_1_4' title='bbox 592 489 753 547; x_wconf 87' lang='lat' dir='ltr'><strong>nivei</strong></span> <span class='ocrx_word' id='word_1_5' title='bbox 795 508 1021 560; x_wconf 74' lang='lat' dir='ltr'><strong>moreS,</strong></span> <span class='ocrx_word' id='word_1_6' title='bbox 1072 509 1381 566; x_wconf 81' lang='lat' dir='ltr'><strong>annosque</strong></span> <span class='ocrx_word' id='word_1_7' title='bbox 1423 490 1716 548; x_wconf 88' lang='lat' dir='ltr'><strong>modestia</strong></span> <span class='ocrx_word' id='word_1_8' title='bbox 1755 509 2019 566; x_wconf 81' lang='lat' dir='ltr'><strong>praecox</strong></span> 
     </span>
     <span class='ocr_line' id='line_1_4' title="bbox 390 575 1876 650; baseline 0 -16"><span class='ocrx_word' id='word_1_9' title='bbox 390 578 550 634; x_wconf 87' lang='lat' dir='ltr'><strong>Ante</strong></span> <span class='ocrx_word' id='word_1_10' title='bbox 591 575 833 646; x_wconf 83' lang='lat' dir='ltr'><strong>volans,</strong></span> <span class='ocrx_word' id='word_1_11' title='bbox 878 575 1023 650; x_wconf 89' lang='lat' dir='ltr'><strong>quid</strong></span> <span class='ocrx_word' id='word_1_12' title='bbox 1065 577 1320 634; x_wconf 83' lang='lat' dir='ltr'>serietas</span> <span class='ocrx_word' id='word_1_13' title='bbox 1364 576 1656 633; x_wconf 81' lang='lat' dir='ltr'>maturior</span> <span class='ocrx_word' id='word_1_14' title='bbox 1701 594 1876 646; x_wconf 86' lang='lat' dir='ltr'><strong>aev0,</strong></span> 
     </span>
    </p>

    <p class='ocr_par' dir='ltr' id='par_1_4' title="bbox 389 659 2138 992">
     <span class='ocr_line' id='line_1_5' title="bbox 389 659 1856 736; baseline 0 -18"><span class='ocrx_word' id='word_1_15' title='bbox 389 664 514 719; x_wconf 90' lang='lat' dir='ltr'><strong>Aut</strong></span> <span class='ocrx_word' id='word_1_16' title='bbox 558 659 701 734; x_wconf 91' lang='lat' dir='ltr'><strong>quid</strong></span> <span class='ocrx_word' id='word_1_17' title='bbox 742 660 999 736; x_wconf 85' lang='lat' dir='ltr'><strong>virginei</strong></span> <span class='ocrx_word' id='word_1_18' title='bbox 1041 659 1209 720; x_wconf 89' lang='lat' dir='ltr'><strong>dotes</strong></span> <span class='ocrx_word' id='word_1_19' title='bbox 1251 680 1524 719; x_wconf 88' lang='lat' dir='ltr'><strong>meruere</strong></span> <span class='ocrx_word' id='word_1_20' title='bbox 1567 660 1856 736; x_wconf 77' lang='lat' dir='ltr'><strong>pudoris?</strong></span> 
     </span>
     <span class='ocr_line' id='line_1_6' title="bbox 393 744 2022 822; baseline -0.002 -16"><span class='ocrx_word' id='word_1_21' title='bbox 393 744 620 806; x_wconf 90' lang='lat' dir='ltr'><strong>Omnia</strong></span> <span class='ocrx_word' id='word_1_22' title='bbox 665 754 825 804; x_wconf 88' lang='lat' dir='ltr'><strong>sunt</strong></span> <span class='ocrx_word' id='word_1_23' title='bbox 851 745 1122 821; x_wconf 82' lang='lat' dir='ltr'><strong>ingrata3</strong></span> <span class='ocrx_word' id='word_1_24' title='bbox 1174 764 1289 803; x_wconf 88' lang='lat' dir='ltr'><strong>nec</strong></span> <span class='ocrx_word' id='word_1_25' title='bbox 1333 745 1523 803; x_wconf 90' lang='lat' dir='ltr'><strong>ullum</strong></span> <span class='ocrx_word' id='word_1_26' title='bbox 1560 744 1755 822; x_wconf 83' lang='lat' dir='ltr'><strong>gratia</strong></span> <span class='ocrx_word' id='word_1_27' title='bbox 1796 764 2022 803; x_wconf 87' lang='lat' dir='ltr'><strong>morum</strong></span> 
     </span>
     <span class='ocr_line' id='line_1_7' title="bbox 391 830 2138 907; baseline 0.001 -19"><span class='ocrx_word' id='word_1_28' title='bbox 391 830 657 906; x_wconf 77' lang='lat' dir='ltr'><strong>Excipit,</strong></span> <span class='ocrx_word' id='word_1_29' title='bbox 694 837 799 886; x_wconf 84' lang='lat' dir='ltr'><strong>aut</strong></span> <span class='ocrx_word' id='word_1_30' title='bbox 836 830 1054 905; x_wconf 84' lang='lat' dir='ltr'><strong>pietas.</strong></span> <span class='ocrx_word' id='word_1_31' title='bbox 1107 849 1406 907; x_wconf 88' lang='lat' dir='ltr'><strong>praeceps</strong></span> <span class='ocrx_word' id='word_1_32' title='bbox 1452 831 1626 888; x_wconf 88' lang='lat' dir='ltr'><strong>metit</strong></span> <span class='ocrx_word' id='word_1_33' title='bbox 1665 831 1864 888; x_wconf 88' lang='lat' dir='ltr'><strong>omnia</strong></span> <span class='ocrx_word' id='word_1_34' title='bbox 1901 831 2138 889; x_wconf 83' lang='lat' dir='ltr'><strong>Fatum.</strong></span> 
     </span>
     <span class='ocr_line' id='line_1_8' title="bbox 391 915 1849 992; baseline -0.001 -19"><span class='ocrx_word' id='word_1_35' title='bbox 391 918 476 974; x_wconf 91' lang='lat' dir='ltr'><strong>At</strong></span> <span class='ocrx_word' id='word_1_36' title='bbox 513 924 574 972; x_wconf 91' lang='lat' dir='ltr'><strong>te</strong></span> <span class='ocrx_word' id='word_1_37' title='bbox 611 915 873 986; x_wconf 83' lang='lat' dir='ltr'><strong>felicem,</strong></span> <span class='ocrx_word' id='word_1_38' title='bbox 918 915 1080 989; x_wconf 90' lang='lat' dir='ltr'><strong>quod</strong></span> <span class='ocrx_word' id='word_1_39' title='bbox 1119 934 1299 973; x_wconf 88' lang='lat' dir='ltr'><strong>casus</strong></span> <span class='ocrx_word' id='word_1_40' title='bbox 1338 915 1565 992; x_wconf 87' lang='lat' dir='ltr'><strong>fugeris</strong></span> <span class='ocrx_word' id='word_1_41' title='bbox 1613 934 1849 987; x_wconf 91' lang='lat' dir='ltr'><strong>omnes,</strong></span> 
     </span>
    </p>

    <p class='ocr_par' dir='ltr' id='par_1_5' title="bbox 390 998 2074 1314">
     <span class='ocr_line' id='line_1_9' title="bbox 393 998 1871 1077; baseline 0.001 -21"><span class='ocrx_word' id='word_1_42' title='bbox 393 998 573 1073; x_wconf 83' lang='lat' dir='ltr'><strong>Quod</strong></span> <span class='ocrx_word' id='word_1_43' title='bbox 614 1019 739 1057; x_wconf 92' lang='lat' dir='ltr'><strong>non</strong></span> <span class='ocrx_word' id='word_1_44' title='bbox 783 999 1047 1057; x_wconf 83' lang='lat' dir='ltr'><strong>invidiae</strong></span> <span class='ocrx_word' id='word_1_45' title='bbox 1089 1001 1374 1077; x_wconf 80' lang='lat' dir='ltr'><strong>contagia</strong></span> <span class='ocrx_word' id='word_1_46' title='bbox 1418 1001 1685 1059; x_wconf 80' lang='lat' dir='ltr'><strong>senseris</strong></span> <span class='ocrx_word' id='word_1_47' title='bbox 1724 1000 1871 1072; x_wconf 93' lang='lat' dir='ltr'><strong>ulla,</strong></span> 
     </span>
     <span class='ocr_line' id='line_1_10' title="bbox 394 1084 2074 1160; baseline 0.001 -19"><span class='ocrx_word' id='word_1_48' title='bbox 394 1084 577 1160; x_wconf 83' lang='lat' dir='ltr'><strong>Quod</strong></span> <span class='ocrx_word' id='word_1_49' title='bbox 623 1102 758 1142; x_wconf 88' lang='lat' dir='ltr'><strong>cum</strong></span> <span class='ocrx_word' id='word_1_50' title='bbox 800 1084 1072 1142; x_wconf 88' lang='lat' dir='ltr'><strong>Fortuna</strong></span> <span class='ocrx_word' id='word_1_51' title='bbox 1109 1086 1423 1143; x_wconf 89' lang='lat' dir='ltr'><strong>minimum</strong></span> <span class='ocrx_word' id='word_1_52' title='bbox 1459 1085 1869 1144; x_wconf 82' lang='lat' dir='ltr'><strong>contraxeris:</strong></span> <span class='ocrx_word' id='word_1_53' title='bbox 1917 1094 1976 1143; x_wconf 92' lang='lat' dir='ltr'><strong>et</strong></span> <span class='ocrx_word' id='word_1_54' title='bbox 2012 1094 2074 1143; x_wconf 91' lang='lat' dir='ltr'><strong>te</strong></span> 
     </span>
     <span class='ocr_line' id='line_1_11' title="bbox 390 1170 1844 1246; baseline 0 -18"><span class='ocrx_word' id='word_1_55' title='bbox 390 1170 728 1228; x_wconf 89' lang='lat' dir='ltr'><strong>Immunem</strong></span> <span class='ocrx_word' id='word_1_56' title='bbox 775 1170 885 1227; x_wconf 83' lang='lat' dir='ltr'><strong>fati</strong></span> <span class='ocrx_word' id='word_1_57' title='bbox 930 1170 1229 1229; x_wconf 82' lang='lat' dir='ltr'><strong>malefidis</strong></span> <span class='ocrx_word' id='word_1_58' title='bbox 1276 1172 1456 1229; x_wconf 90' lang='lat' dir='ltr'><strong>rebus</strong></span> <span class='ocrx_word' id='word_1_59' title='bbox 1503 1171 1844 1246; x_wconf 85' lang='lat' dir='ltr'><strong>ademptum</strong></span> 
     </span>
     <span class='ocr_line' id='line_1_12' title="bbox 394 1253 1848 1314; baseline -0.001 -1"><span class='ocrx_word' id='word_1_60' title='bbox 394 1253 671 1314; x_wconf 82' lang='lat' dir='ltr'><strong>Conditio</strong></span> <span class='ocrx_word' id='word_1_61' title='bbox 716 1254 934 1313; x_wconf 88' lang='lat' dir='ltr'><strong>melior</strong></span> <span class='ocrx_word' id='word_1_62' title='bbox 982 1256 1352 1314; x_wconf 86' lang='lat' dir='ltr'><strong>caelestibus</strong></span> <span class='ocrx_word' id='word_1_63' title='bbox 1380 1254 1605 1312; x_wconf 71' lang='lat' dir='ltr'><strong>-intulit</strong></span> <span class='ocrx_word' id='word_1_64' title='bbox 1648 1256 1848 1314; x_wconf 85' lang='lat' dir='ltr'><strong>astris.</strong></span> 
     </span>
    </p>

    <p class='ocr_par' dir='ltr' id='par_1_6' title="bbox 392 1338 1918 1588">
     <span class='ocr_line' id='line_1_13' title="bbox 395 1338 1916 1416; baseline -0.001 -17"><span class='ocrx_word' id='word_1_65' title='bbox 395 1338 496 1400; x_wconf 92' lang='lat' dir='ltr'><strong>Sis</strong></span> <span class='ocrx_word' id='word_1_66' title='bbox 539 1341 708 1411; x_wconf 82' lang='lat' dir='ltr'><strong>felix,</strong></span> <span class='ocrx_word' id='word_1_67' title='bbox 756 1340 1028 1414; x_wconf 86' lang='lat' dir='ltr'><strong>caelique</strong></span> <span class='ocrx_word' id='word_1_68' title='bbox 1072 1341 1305 1400; x_wconf 84' lang='lat' dir='ltr'><strong>micans</strong></span> <span class='ocrx_word' id='word_1_69' title='bbox 1349 1341 1680 1416; x_wconf 86' lang='lat' dir='ltr'><strong>spectabile</strong></span> <span class='ocrx_word' id='word_1_70' title='bbox 1719 1340 1916 1399; x_wconf 90' lang='lat' dir='ltr'><strong>sidus:</strong></span> 
     </span>
     <span class='ocr_line' id='line_1_14' title="bbox 393 1423 1817 1502; baseline -0.002 -17"><span class='ocrx_word' id='word_1_71' title='bbox 393 1423 694 1502; x_wconf 76' lang='lat' dir='ltr'><strong>scaligeri</strong></span> <span class='ocrx_word' id='word_1_72' title='bbox 736 1442 964 1482; x_wconf 88' lang='lat' dir='ltr'><strong>memor</strong></span> <span class='ocrx_word' id='word_1_73' title='bbox 1011 1435 1141 1484; x_wconf 90' lang='lat' dir='ltr'><strong>esto</strong></span> <span class='ocrx_word' id='word_1_74' title='bbox 1181 1427 1271 1483; x_wconf 88' lang='lat' dir='ltr'><strong>tui</strong></span> <span class='ocrx_word' id='word_1_75' title='bbox 1316 1426 1571 1484; x_wconf 86' lang='lat' dir='ltr'><strong>senioris</strong></span> <span class='ocrx_word' id='word_1_76' title='bbox 1618 1425 1817 1497; x_wconf 88' lang='lat' dir='ltr'><strong>amici,</strong></span> 
     </span>
     <span class='ocr_line' id='line_1_15' title="bbox 392 1509 1918 1588; baseline -0.001 -20"><span class='ocrx_word' id='word_1_77' title='bbox 392 1509 666 1568; x_wconf 90' lang='lat' dir='ltr'><strong>Dimidia</strong></span> <span class='ocrx_word' id='word_1_78' title='bbox 708 1529 885 1584; x_wconf 90' lang='lat' dir='ltr'><strong>quem</strong></span> <span class='ocrx_word' id='word_1_79' title='bbox 931 1519 1103 1586; x_wconf 89' lang='lat' dir='ltr'><strong>parte</strong></span> <span class='ocrx_word' id='word_1_80' title='bbox 1150 1513 1246 1570; x_wconf 89' lang='lat' dir='ltr'><strong>sui</strong></span> <span class='ocrx_word' id='word_1_81' title='bbox 1287 1529 1444 1568; x_wconf 91' lang='lat' dir='ltr'><strong>nunc</strong></span> <span class='ocrx_word' id='word_1_82' title='bbox 1489 1512 1691 1568; x_wconf 83' lang='lat' dir='ltr'><strong>vivere</strong></span> <span class='ocrx_word' id='word_1_83' title='bbox 1735 1510 1918 1588; x_wconf 84' lang='lat' dir='ltr'><strong>cogis.</strong></span> 
     </span>
    </p>
   </div>
   <div class='ocr_carea' id='block_1_4' title="bbox 391 1680 2228 2521">
    <p class='ocr_par' dir='ltr' id='par_1_7' title="bbox 394 1680 2228 1838">
     <span class='ocr_line' id='line_1_16' title="bbox 394 1680 2228 1754; baseline -0.001 -17"><span class='ocrx_word' id='word_1_84' title='bbox 394 1680 454 1738; x_wconf 88' lang='lat'><strong>8.</strong></span> <span class='ocrx_word' id='word_1_85' title='bbox 522 1680 871 1754; x_wconf 72' lang='lat' dir='ltr'><strong>Epic-edium</strong></span> <span class='ocrx_word' id='word_1_86' title='bbox 914 1681 1270 1750; x_wconf 71' lang='lat' dir='ltr'><strong>nobilissimi,</strong></span> <span class='ocrx_word' id='word_1_87' title='bbox 1305 1681 1769 1749; x_wconf 74' lang='lat' dir='ltr'><strong>innocentissimi,</strong></span> <span class='ocrx_word' id='word_1_88' title='bbox 1816 1689 1870 1736; x_wconf 79' lang='lat' dir='ltr'><strong>et</strong></span> <span class='ocrx_word' id='word_1_89' title='bbox 1911 1682 2228 1739; x_wconf 71' lang='lat' dir='ltr'><strong>doctissimi</strong></span> 
     </span>
     <span class='ocr_line' id='line_1_17' title="bbox 837 1765 1771 1838; baseline 0 -18"><span class='ocrx_word' id='word_1_90' title='bbox 837 1766 977 1820; x_wconf 80' lang='lat' dir='ltr'><strong>Iani</strong></span> <span class='ocrx_word' id='word_1_91' title='bbox 1020 1765 1261 1822; x_wconf 79' lang='lat' dir='ltr'><strong>Dousae</strong></span> <span class='ocrx_word' id='word_1_92' title='bbox 1299 1783 1337 1837; x_wconf 79' lang='lat' dir='ltr'><strong>a</strong></span> <span class='ocrx_word' id='word_1_93' title='bbox 1380 1765 1771 1838; x_wconf 73' lang='lat' dir='ltr'><strong>Noordwyclc.</strong></span> 
     </span>
    </p>

    <p class='ocr_par' dir='ltr' id='par_1_8' title="bbox 393 1846 2120 2010">
     <span class='ocr_line' id='line_1_18' title="bbox 393 1846 2120 1926; baseline 0.001 -21"><span class='ocrx_word' id='word_1_94' title='bbox 393 1846 737 1906; x_wconf 89' lang='lat' dir='ltr'><strong>Dousiades</strong></span> <span class='ocrx_word' id='word_1_95' title='bbox 781 1850 997 1907; x_wconf 81' lang='lat' dir='ltr'><strong>Musae</strong></span> <span class='ocrx_word' id='word_1_96' title='bbox 1044 1848 1214 1923; x_wconf 90' lang='lat' dir='ltr'><strong>(quid</strong></span> <span class='ocrx_word' id='word_1_97' title='bbox 1260 1848 1418 1905; x_wconf 89' lang='lat' dir='ltr'><strong>enim</strong></span> <span class='ocrx_word' id='word_1_98' title='bbox 1459 1848 1579 1906; x_wconf 90' lang='lat' dir='ltr'><strong>nisi</strong></span> <span class='ocrx_word' id='word_1_99' title='bbox 1619 1848 1820 1906; x_wconf 87' lang='lat' dir='ltr'><strong>flebile</strong></span> <span class='ocrx_word' id='word_1_100' title='bbox 1858 1850 2120 1926; x_wconf 79' lang='lat' dir='ltr'><strong>restat?)</strong></span> 
     </span>
     <span class='ocr_line' id='line_1_19' title="bbox 479 1932 1775 2010; baseline 0.001 -21"><span class='ocrx_word' id='word_1_101' title='bbox 479 1932 780 1990; x_wconf 86' lang='lat' dir='ltr'><strong>Laetitiae</strong></span> <span class='ocrx_word' id='word_1_102' title='bbox 823 1933 1040 1992; x_wconf 84' lang='lat' dir='ltr'><strong>vestris</strong></span> <span class='ocrx_word' id='word_1_103' title='bbox 1084 1933 1307 1991; x_wconf 86' lang='lat' dir='ltr'><strong>demite</strong></span> <span class='ocrx_word' id='word_1_104' title='bbox 1351 1933 1527 2010; x_wconf 86' lang='lat' dir='ltr'><strong>signa</strong></span> <span class='ocrx_word' id='word_1_105' title='bbox 1570 1933 1775 1992; x_wconf 85' lang='lat' dir='ltr'><strong>comis.</strong></span> 
     </span>
    </p>

    <p class='ocr_par' dir='ltr' id='par_1_9' title="bbox 391 2017 1859 2180">
     <span class='ocr_line' id='line_1_20' title="bbox 391 2017 1859 2095; baseline -0.001 -18"><span class='ocrx_word' id='word_1_106' title='bbox 391 2017 773 2077; x_wconf 86' lang='lat' dir='ltr'><strong>Frondentes</strong></span> <span class='ocrx_word' id='word_1_107' title='bbox 820 2019 1033 2076; x_wconf 89' lang='lat' dir='ltr'><strong>ederas</strong></span> <span class='ocrx_word' id='word_1_108' title='bbox 1077 2019 1240 2077; x_wconf 90' lang='lat' dir='ltr'><strong>tristi</strong></span> <span class='ocrx_word' id='word_1_109' title='bbox 1279 2026 1503 2075; x_wconf 88' lang='lat' dir='ltr'><strong>mutate</strong></span> <span class='ocrx_word' id='word_1_110' title='bbox 1546 2037 1859 2095; x_wconf 87' lang='lat' dir='ltr'><strong>cupressu,</strong></span> 
     </span>
     <span class='ocr_line' id='line_1_21' title="bbox 482 2102 1770 2180; baseline 0.002 -21"><span class='ocrx_word' id='word_1_111' title='bbox 482 2102 748 2161; x_wconf 89' lang='lat' dir='ltr'><strong>Tondite</strong></span> <span class='ocrx_word' id='word_1_112' title='bbox 791 2104 1034 2162; x_wconf 83' lang='lat' dir='ltr'><strong>funesta</strong></span> <span class='ocrx_word' id='word_1_113' title='bbox 1073 2112 1327 2180; x_wconf 89' lang='lat' dir='ltr'><strong>pectora</strong></span> <span class='ocrx_word' id='word_1_114' title='bbox 1369 2105 1540 2161; x_wconf 79' lang='lat' dir='ltr'><strong>nuda</strong></span> <span class='ocrx_word' id='word_1_115' title='bbox 1570 2123 1770 2162; x_wconf 89' lang='lat' dir='ltr'><strong>manu.</strong></span> 
     </span>
    </p>

    <p class='ocr_par' dir='ltr' id='par_1_10' title="bbox 397 2187 2017 2348">
     <span class='ocr_line' id='line_1_22' title="bbox 397 2187 2017 2265; baseline -0.001 -18"><span class='ocrx_word' id='word_1_116' title='bbox 397 2187 639 2258; x_wconf 77' lang='lat' dir='ltr'><strong>OmniS,</strong></span> <span class='ocrx_word' id='word_1_117' title='bbox 679 2206 833 2262; x_wconf 89' lang='lat' dir='ltr'><strong>quae</strong></span> <span class='ocrx_word' id='word_1_118' title='bbox 876 2189 1126 2247; x_wconf 90' lang='lat' dir='ltr'><strong>Dousae</strong></span> <span class='ocrx_word' id='word_1_119' title='bbox 1173 2190 1449 2247; x_wconf 86' lang='lat' dir='ltr'><strong>nascenti</strong></span> <span class='ocrx_word' id='word_1_120' title='bbox 1491 2189 1804 2265; x_wconf 84' lang='lat' dir='ltr'><strong>plauserat</strong></span> <span class='ocrx_word' id='word_1_121' title='bbox 1848 2188 2017 2260; x_wconf 90' lang='lat' dir='ltr'><strong>olim,</strong></span> 
     </span>
     <span class='ocr_line' id='line_1_23' title="bbox 480 2273 1849 2348; baseline 0 -18"><span class='ocrx_word' id='word_1_122' title='bbox 480 2273 789 2347; x_wconf 87' lang='lat' dir='ltr'><strong>Exequias</strong></span> <span class='ocrx_word' id='word_1_123' title='bbox 836 2274 1088 2333; x_wconf 92' lang='lat' dir='ltr'><strong>Dousae</strong></span> <span class='ocrx_word' id='word_1_124' title='bbox 1131 2276 1311 2332; x_wconf 89' lang='lat' dir='ltr'><strong>turba</strong></span> <span class='ocrx_word' id='word_1_125' title='bbox 1346 2274 1694 2348; x_wconf 86' lang='lat' dir='ltr'><strong>frequenter</strong></span> <span class='ocrx_word' id='word_1_126' title='bbox 1733 2281 1849 2331; x_wconf 84' lang='lat' dir='ltr'><strong>eat.</strong></span> 
     </span>
    </p>

    <p class='ocr_par' dir='ltr' id='par_1_11' title="bbox 394 2356 2227 2521">
     <span class='ocr_line' id='line_1_24' title="bbox 394 2356 2227 2437; baseline 0.002 -22"><span class='ocrx_word' id='word_1_127' title='bbox 394 2356 677 2434; x_wconf 84' lang='lat' dir='ltr'><strong>Lugduni</strong></span> <span class='ocrx_word' id='word_1_128' title='bbox 723 2358 925 2430; x_wconf 90' lang='lat' dir='ltr'><strong>sedes,</strong></span> <span class='ocrx_word' id='word_1_129' title='bbox 972 2367 1031 2416; x_wconf 91' lang='lat' dir='ltr'><strong>et</strong></span> <span class='ocrx_word' id='word_1_130' title='bbox 1077 2359 1219 2417; x_wconf 90' lang='lat' dir='ltr'><strong>culti</strong></span> <span class='ocrx_word' id='word_1_131' title='bbox 1261 2377 1436 2418; x_wconf 86' lang='lat' dir='ltr'><strong>sacra</strong></span> <span class='ocrx_word' id='word_1_132' title='bbox 1463 2360 1730 2436; x_wconf 50' lang='lat' dir='ltr'><strong>⁴Lycae&#39;n</strong></span> <span class='ocrx_word' id='word_1_133' title='bbox 1956 2360 2227 2437; x_wconf 55' lang='lat' dir='ltr'><strong>[Lycas]</strong></span> 
     </span>
     <span class='ocr_line' id='line_1_25' title="bbox 482 2443 2182 2521; baseline 0 -21"><span class='ocrx_word' id='word_1_134' title='bbox 482 2443 562 2500; x_wconf 91' lang='lat' dir='ltr'><strong>Et</strong></span> <span class='ocrx_word' id='word_1_135' title='bbox 608 2443 776 2500; x_wconf 83' lang='lat' dir='ltr'><strong>varia</strong></span> <span class='ocrx_word' id='word_1_136' title='bbox 813 2445 1090 2521; x_wconf 86' lang='lat' dir='ltr'><strong>insignes</strong></span> <span class='ocrx_word' id='word_1_137' title='bbox 1126 2444 1294 2502; x_wconf 90' lang='lat' dir='ltr'><strong>urbis</strong></span> <span class='ocrx_word' id='word_1_138' title='bbox 1336 2446 1411 2502; x_wconf 89' lang='lat' dir='ltr'><strong>ab</strong></span> <span class='ocrx_word' id='word_1_139' title='bbox 1451 2454 1580 2502; x_wconf 88' lang='lat' dir='ltr'><strong>arte</strong></span> <span class='ocrx_word' id='word_1_140' title='bbox 1622 2444 1755 2515; x_wconf 88' lang='lat' dir='ltr'><strong>viri,</strong></span> <span class='ocrx_word' id='word_1_141' title='bbox 2173 2443 2182 2453; x_wconf 78' lang='grc'><em>’</em></span> 
     </span>
    </p>
   </div>
   <div class='ocr_carea' id='block_1_5' title="bbox 395 2528 1779 2604">
    <p class='ocr_par' dir='ltr' id='par_1_12' title="bbox 395 2528 1779 2604">
     <span class='ocr_line' id='line_1_26' title="bbox 395 2528 1779 2604; baseline -0.001 -18"><span class='ocrx_word' id='word_1_142' title='bbox 395 2528 689 2604; x_wconf 87' lang='lat' dir='ltr'><strong>Aspirate</strong></span> <span class='ocrx_word' id='word_1_143' title='bbox 724 2530 879 2587; x_wconf 88' lang='lat' dir='ltr'><strong>meis</strong></span> <span class='ocrx_word' id='word_1_144' title='bbox 927 2529 1297 2587; x_wconf 86' lang='lat' dir='ltr'><strong>accentibus.</strong></span> <span class='ocrx_word' id='word_1_145' title='bbox 1336 2530 1529 2588; x_wconf 86' lang='lat' dir='ltr'><strong>omnis</strong></span> <span class='ocrx_word' id='word_1_146' title='bbox 1576 2530 1779 2587; x_wconf 86' lang='lat' dir='ltr'><strong>acerbi</strong></span> 
     </span>
    </p>
   </div>
   <div class='ocr_carea' id='block_1_6' title="bbox 392 2613 2227 3627">
    <p class='ocr_par' dir='ltr' id='par_1_13' title="bbox 418 2613 1837 2691">
     <span class='ocr_line' id='line_1_27' title="bbox 418 2613 1837 2691; baseline -0.001 -20"><span class='ocrx_word' id='word_1_147' title='bbox 418 2660 422 2663; x_wconf 29' lang='lat'><strong>⁴</strong></span> <span class='ocrx_word' id='word_1_148' title='bbox 481 2613 767 2671; x_wconf 88' lang='lat' dir='ltr'><strong>Vulneris</strong></span> <span class='ocrx_word' id='word_1_149' title='bbox 815 2614 1097 2691; x_wconf 87' lang='lat' dir='ltr'><strong>indignas</strong></span> <span class='ocrx_word' id='word_1_150' title='bbox 1143 2614 1448 2689; x_wconf 86' lang='lat' dir='ltr'><strong>praeferat</strong></span> <span class='ocrx_word' id='word_1_151' title='bbox 1491 2635 1594 2672; x_wconf 88' lang='lat' dir='ltr'><strong>ore</strong></span> <span class='ocrx_word' id='word_1_152' title='bbox 1638 2623 1837 2673; x_wconf 86' lang='lat' dir='ltr'><strong>notas.</strong></span> 
     </span>
    </p>

    <p class='ocr_par' dir='ltr' id='par_1_14' title="bbox 394 2697 1990 2858">
     <span class='ocr_line' id='line_1_28' title="bbox 394 2697 1970 2758; baseline 0 -2"><span class='ocrx_word' id='word_1_153' title='bbox 394 2697 686 2756; x_wconf 88' lang='lat' dir='ltr'><strong>Publicus</strong></span> <span class='ocrx_word' id='word_1_154' title='bbox 730 2699 1000 2757; x_wconf 86' lang='lat' dir='ltr'><strong>incessat</strong></span> <span class='ocrx_word' id='word_1_155' title='bbox 1043 2699 1208 2757; x_wconf 91' lang='lat' dir='ltr'><strong>dolor</strong></span> <span class='ocrx_word' id='word_1_156' title='bbox 1250 2699 1549 2757; x_wconf 85' lang='lat' dir='ltr'><strong>omnibus.</strong></span> <span class='ocrx_word' id='word_1_157' title='bbox 1602 2699 1820 2758; x_wconf 88' lang='lat' dir='ltr'><strong>occidit</strong></span> <span class='ocrx_word' id='word_1_158' title='bbox 1863 2698 1970 2756; x_wconf 89' lang='lat' dir='ltr'><strong>ille</strong></span> 
     </span>
     <span class='ocr_line' id='line_1_29' title="bbox 483 2781 1990 2858; baseline 0.001 -19"><span class='ocrx_word' id='word_1_159' title='bbox 483 2781 705 2840; x_wconf 85' lang='lat' dir='ltr'><strong>Vester</strong></span> <span class='ocrx_word' id='word_1_160' title='bbox 745 2803 930 2854; x_wconf 89' lang='lat' dir='ltr'><strong>amor,</strong></span> <span class='ocrx_word' id='word_1_161' title='bbox 975 2785 1164 2842; x_wconf 85' lang='lat' dir='ltr'><strong>vestri</strong></span> <span class='ocrx_word' id='word_1_162' title='bbox 1205 2803 1475 2842; x_wconf 89' lang='lat' dir='ltr'><strong>summus</strong></span> <span class='ocrx_word' id='word_1_163' title='bbox 1529 2786 1774 2843; x_wconf 88' lang='lat' dir='ltr'><strong>honoris</strong></span> <span class='ocrx_word' id='word_1_164' title='bbox 1813 2802 1990 2858; x_wconf 86' lang='lat' dir='ltr'><strong>apex.</strong></span> 
     </span>
    </p>

    <p class='ocr_par' dir='ltr' id='par_1_15' title="bbox 397 2866 2227 3031">
     <span class='ocr_line' id='line_1_30' title="bbox 397 2866 2227 2944; baseline 0.003 -21"><span class='ocrx_word' id='word_1_165' title='bbox 397 2866 686 2941; x_wconf 78' lang='lat' dir='ltr'><strong>Quaeque</strong></span> <span class='ocrx_word' id='word_1_166' title='bbox 725 2867 856 2926; x_wconf 91' lang='lat' dir='ltr'><strong>dies</strong></span> <span class='ocrx_word' id='word_1_167' title='bbox 881 2868 1174 2941; x_wconf 87' lang='lat' dir='ltr'><strong>Dousam,</strong></span> <span class='ocrx_word' id='word_1_168' title='bbox 1209 2868 1437 2927; x_wconf 87' lang='lat' dir='ltr'><strong>mundo</strong></span> <span class='ocrx_word' id='word_1_169' title='bbox 1474 2889 1706 2944; x_wconf 87' lang='lat' dir='ltr'><strong>quoque</strong></span> <span class='ocrx_word' id='word_1_170' title='bbox 1743 2869 1948 2926; x_wconf 86' lang='lat' dir='ltr'><strong>lumen</strong></span> <span class='ocrx_word' id='word_1_171' title='bbox 1978 2870 2227 2942; x_wconf 78' lang='lat' dir='ltr'><strong>ademit,</strong></span> 
     </span>
     <span class='ocr_line' id='line_1_31' title="bbox 479 2950 1878 3031; baseline 0.001 -21"><span class='ocrx_word' id='word_1_172' title='bbox 479 2950 781 3011; x_wconf 88' lang='lat' dir='ltr'><strong>Noctibus</strong></span> <span class='ocrx_word' id='word_1_173' title='bbox 831 2954 1163 3012; x_wconf 90' lang='lat' dir='ltr'><strong>innumeris</strong></span> <span class='ocrx_word' id='word_1_174' title='bbox 1209 2954 1441 3031; x_wconf 85' lang='lat' dir='ltr'><strong>nigrius</strong></span> <span class='ocrx_word' id='word_1_175' title='bbox 1490 2974 1641 3013; x_wconf 89' lang='lat' dir='ltr'><strong>ausa</strong></span> <span class='ocrx_word' id='word_1_176' title='bbox 1686 2954 1878 3012; x_wconf 85' lang='lat' dir='ltr'><strong>nefas.</strong></span> 
     </span>
    </p>

    <p class='ocr_par' dir='ltr' id='par_1_16' title="bbox 395 3036 1893 3201">
     <span class='ocr_line' id='line_1_32' title="bbox 395 3036 1893 3118; baseline 0.001 -23"><span class='ocrx_word' id='word_1_177' title='bbox 395 3036 550 3096; x_wconf 84' lang='lat' dir='ltr'><strong>Dira</strong></span> <span class='ocrx_word' id='word_1_178' title='bbox 587 3037 743 3111; x_wconf 89' lang='lat' dir='ltr'><strong>dies,</strong></span> <span class='ocrx_word' id='word_1_179' title='bbox 783 3058 908 3097; x_wconf 81' lang='lat' dir='ltr'><strong>non</strong></span> <span class='ocrx_word' id='word_1_180' title='bbox 952 3046 1013 3097; x_wconf 91' lang='lat' dir='ltr'><strong>te</strong></span> <span class='ocrx_word' id='word_1_181' title='bbox 1051 3038 1245 3097; x_wconf 91' lang='lat' dir='ltr'><strong>nitido</strong></span> <span class='ocrx_word' id='word_1_182' title='bbox 1289 3039 1581 3115; x_wconf 86' lang='lat' dir='ltr'><strong>produxit</strong></span> <span class='ocrx_word' id='word_1_183' title='bbox 1629 3040 1893 3118; x_wconf 87' lang='lat' dir='ltr'><strong>Olympo</strong></span> 
     </span>
     <span class='ocr_line' id='line_1_33' title="bbox 480 3122 1846 3201; baseline -0.001 -17"><span class='ocrx_word' id='word_1_184' title='bbox 480 3122 674 3184; x_wconf 76' lang='lat' dir='ltr'><strong>Vecta</strong></span> <span class='ocrx_word' id='word_1_185' title='bbox 710 3124 996 3201; x_wconf 85' lang='lat' dir='ltr'><strong>pruinoso</strong></span> <span class='ocrx_word' id='word_1_186' title='bbox 1037 3125 1385 3183; x_wconf 89' lang='lat' dir='ltr'><strong>Memnonis</strong></span> <span class='ocrx_word' id='word_1_187' title='bbox 1430 3144 1551 3182; x_wconf 85' lang='lat' dir='ltr'><strong>axe</strong></span> <span class='ocrx_word' id='word_1_188' title='bbox 1592 3141 1846 3201; x_wconf 82' lang='lat' dir='ltr'><strong>parens:</strong></span> 
     </span>
    </p>

    <p class='ocr_par' dir='ltr' id='par_1_17' title="bbox 398 3205 2053 3370">
     <span class='ocr_line' id='line_1_34' title="bbox 398 3205 2053 3286; baseline -0.001 -19"><span class='ocrx_word' id='word_1_189' title='bbox 398 3205 521 3267; x_wconf 85' lang='lat' dir='ltr'><strong>Sed</strong></span> <span class='ocrx_word' id='word_1_190' title='bbox 560 3209 670 3265; x_wconf 87' lang='lat' dir='ltr'><strong>tibi</strong></span> <span class='ocrx_word' id='word_1_191' title='bbox 713 3209 887 3268; x_wconf 87' lang='lat' dir='ltr'><strong>triste</strong></span> <span class='ocrx_word' id='word_1_192' title='bbox 928 3210 1101 3268; x_wconf 88' lang='lat' dir='ltr'><strong>iubar</strong></span> <span class='ocrx_word' id='word_1_193' title='bbox 1144 3210 1516 3286; x_wconf 89' lang='lat' dir='ltr'><strong>pallentibus</strong></span> <span class='ocrx_word' id='word_1_194' title='bbox 1567 3209 1785 3267; x_wconf 85' lang='lat' dir='ltr'><strong>extulit</strong></span> <span class='ocrx_word' id='word_1_195' title='bbox 1824 3207 2053 3266; x_wconf 87' lang='lat' dir='ltr'><strong>umbris</strong></span> 
     </span>
     <span class='ocr_line' id='line_1_35' title="bbox 482 3292 1736 3370; baseline 0.002 -21"><span class='ocrx_word' id='word_1_196' title='bbox 482 3292 779 3352; x_wconf 89' lang='lat' dir='ltr'><strong>Tartareo</strong></span> <span class='ocrx_word' id='word_1_197' title='bbox 826 3296 1006 3370; x_wconf 89' lang='lat' dir='ltr'><strong>peplo</strong></span> <span class='ocrx_word' id='word_1_198' title='bbox 1045 3315 1170 3354; x_wconf 88' lang='lat' dir='ltr'><strong>nox</strong></span> <span class='ocrx_word' id='word_1_199' title='bbox 1206 3294 1499 3370; x_wconf 83' lang='lat' dir='ltr'><strong>adoperta</strong></span> <span class='ocrx_word' id='word_1_200' title='bbox 1527 3304 1736 3369; x_wconf 83' lang='lat' dir='ltr'><strong>caput,</strong></span> 
     </span>
    </p>

    <p class='ocr_par' dir='ltr' id='par_1_18' title="bbox 395 3375 2077 3543">
     <span class='ocr_line' id='line_1_36' title="bbox 395 3375 2077 3453; baseline 0 -18"><span class='ocrx_word' id='word_1_201' title='bbox 395 3375 495 3435; x_wconf 90' lang='lat' dir='ltr'><strong>Ne</strong></span> <span class='ocrx_word' id='word_1_202' title='bbox 536 3378 698 3436; x_wconf 86' lang='lat' dir='ltr'><strong>foret</strong></span> <span class='ocrx_word' id='word_1_203' title='bbox 737 3379 865 3436; x_wconf 93' lang='lat' dir='ltr'><strong>ulla</strong></span> <span class='ocrx_word' id='word_1_204' title='bbox 907 3380 1058 3453; x_wconf 91' lang='lat' dir='ltr'><strong>dies,</strong></span> <span class='ocrx_word' id='word_1_205' title='bbox 1108 3400 1234 3438; x_wconf 88' lang='lat' dir='ltr'><strong>non</strong></span> <span class='ocrx_word' id='word_1_206' title='bbox 1275 3380 1369 3436; x_wconf 90' lang='lat' dir='ltr'><strong>cui</strong></span> <span class='ocrx_word' id='word_1_207' title='bbox 1418 3379 1583 3437; x_wconf 88' lang='lat' dir='ltr'><strong>dedit</strong></span> <span class='ocrx_word' id='word_1_208' title='bbox 1622 3380 1788 3438; x_wconf 81' lang='lat' dir='ltr'><strong>AJlia</strong></span> <span class='ocrx_word' id='word_1_209' title='bbox 1831 3397 2077 3450; x_wconf 87' lang='lat' dir='ltr'><strong>nomen,</strong></span> 
     </span>
     <span class='ocr_line' id='line_1_37' title="bbox 482 3460 1833 3543; baseline 0.001 -22"><span class='ocrx_word' id='word_1_210' title='bbox 482 3460 676 3535; x_wconf 82' lang='lat' dir='ltr'><strong>Quam</strong></span> <span class='ocrx_word' id='word_1_211' title='bbox 721 3463 1095 3524; x_wconf 87' lang='lat' dir='ltr'><strong>detestentur</strong></span> <span class='ocrx_word' id='word_1_212' title='bbox 1136 3464 1384 3541; x_wconf 82' lang='lat' dir='ltr'><strong>publica</strong></span> <span class='ocrx_word' id='word_1_213' title='bbox 1428 3473 1573 3522; x_wconf 85' lang='lat' dir='ltr'><strong>vota</strong></span> <span class='ocrx_word' id='word_1_214' title='bbox 1619 3465 1833 3543; x_wconf 84' lang='lat' dir='ltr'><strong>magis.</strong></span> 
     </span>
    </p>

    <p class='ocr_par' dir='ltr' id='par_1_19' title="bbox 392 3545 2057 3627">
     <span class='ocr_line' id='line_1_38' title="bbox 392 3545 2057 3627; baseline 0.001 -22"><span class='ocrx_word' id='word_1_215' title='bbox 392 3545 638 3625; x_wconf 78' lang='lat' dir='ltr'><strong>Quippe</strong></span> <span class='ocrx_word' id='word_1_216' title='bbox 683 3549 829 3625; x_wconf 88' lang='lat' dir='ltr'><strong>quid</strong></span> <span class='ocrx_word' id='word_1_217' title='bbox 869 3551 1027 3608; x_wconf 90' lang='lat' dir='ltr'><strong>inter</strong></span> <span class='ocrx_word' id='word_1_218' title='bbox 1066 3559 1159 3609; x_wconf 92' lang='lat' dir='ltr'><strong>tot</strong></span> <span class='ocrx_word' id='word_1_219' title='bbox 1195 3550 1507 3626; x_wconf 83' lang='lat' dir='ltr'><strong>signantes</strong></span> <span class='ocrx_word' id='word_1_220' title='bbox 1545 3559 1821 3627; x_wconf 85' lang='lat' dir='ltr'><strong>tempora</strong></span> <span class='ocrx_word' id='word_1_221' title='bbox 1864 3549 2057 3619; x_wconf 86' lang='lat' dir='ltr'><strong>luces,</strong></span> 
     </span>
    </p>
   </div>
  </div>
 </body>
</html>
