2452 4186
1276 279 1354 337 64

399 443 547 505 Non
589 446 817 503 lucrum
863 446 1063 518 velox,
1103 466 1492 522 quascunque
1541 446 1962 523 relinquimus,
2010 450 2202 523 auxit,

485 531 629 589 Vita
667 532 776 591 sed
817 531 1091 590 excultas
1136 533 1338 591 sobria
1382 531 1578 609 parsit
1623 551 1798 608 opes,

402 615 573 691 Quas
619 625 814 692 pater,
858 624 917 674 et
961 618 1202 693 generis
1251 618 1441 676 series
1486 617 1848 693 longissima
1886 618 2077 694 prisci
2179 626 2183 635 '

485 700 714 777 Liquit,
758 709 818 757 et
861 720 899 758 a
942 722 1166 777 proavo
1213 703 1404 761 missa
1443 709 1687 778 potente
1730 702 1961 761 domus.

333 823 346 847 .
404 785 550 846 Otia
588 788 901 844 Musarum
947 805 1122 845 curas
1165 788 1430 845 mulsere
1475 788 1779 846 forenses:

483 871 835 946 Perfugium
881 872 1096 930 studiis
1140 872 1250 928 illa
1295 873 1465 929 fuere
1514 872 1685 930 meis„

398 957 562 1015 Pura
600 955 877 1013 valetudo
922 956 1105 1015 nullis
1150 957 1394 1032 pulsata
1431 956 1715 1031 procellis

488 1039 743 1117 Semper
783 1040 1084 1099 inoffenso
1126 1042 1335 1099 funeta
1370 1051 1581 1107 tenore
1629 1060 1736 1099 suo
1778 1050 1889 1100 est.

403 1124 715 1186 Curricula
756 1134 1061 1183 extremae
1103 1146 1493 1202 permensum
1538 1127 1720 1203 longa
1760 1137 2042 1186 senectae

412 1222 415 1225 ’
490 1211 767 1286 Occupat
807 1218 1013 1286 optato
1057 1212 1176 1268 fine
1224 1212 1403 1268 beata
1445 1211 1638 1284 quies·

402 1297 571 1354 Mors
612 1314 844 1371 quoque
882 1295 1129 1354 laudata
1174 1304 1289 1353 est.
1332 1297 1557 1373 gemitu
1603 1295 1992 1373 lacrimisque
2018 1296 2241 1358 Senati

487 1381 748 1452 Efferor,
798 1388 857 1437 et
897 1383 1112 1457 populi
1154 1390 1309 1439 teste
1356 1382 1556 1439 dolore
1599 1382 1787 1439 fruor.

402 1467 577 1525 Haec
624 1466 815 1523 series
864 1466 1042 1523 vitae.
1092 1467 1370 1524 manibus
1418 1467 1495 1523 da
1532 1466 1665 1523 lilia
1706 1465 1903 1540 plenis

488 1550 758 1626 HospeS,
803 1558 862 1606 et
910 1552 1182 1626 exequiis
1230 1551 1432 1609 fausta
1475 1569 1723 1625 precare
1769 1553 1943 1611 meis.

404 1639 486 1694 At
528 1635 638 1693 tibi
683 1635 995 1710 contingat
1038 1644 1310 1693 votorum
1357 1654 1594 1694 summa
1634 1645 1885 1694 tuorum.

490 1718 558 1778 Si
605 1719 693 1777 sic
736 1719 964 1792 vixisti,
1008 1721 1095 1779 sie
1128 1728 1310 1797 potes
1354 1721 1490 1796 ipse
1529 1721 1698 1778 mori.

584 1813 728 1863 Obiit
765 1812 1058 1879 Christoph.
1105 1816 1359 1864 Thuanus
1405 1816 1523 1865 Kal.
1570 1816 1831 1866 IXbribus
1874 1817 2032 1866 Anno
2081 1814 2246 1882 1582,

404 1899 518 1932 cum
556 1898 720 1932 annos
758 1880 841 1942 74,
878 1899 1040 1934 mens.
1073 1883 1120 1946 3,
1160 1887 1208 1934 d.
1252 1884 1284 1933 5
1328 1886 1597 1948 exegisset.

553 2041 610 2097 2.
696 2040 911 2115 Eleqia
948 2041 1010 2097 in
1064 2040 1128 2099 V.
1181 2037 1242 2097 C.
1284 2041 1527 2098 Ioannis
1574 2040 1804 2097 Thuam'
1843 2041 2072 2101 obitum.

403 2126 562 2201 Ergo
601 2124 896 2195 funestOS,
940 2125 1151 2201 regina
1193 2126 1458 2197 Lutetia,
1504 2125 1698 2182 cultus

490 2208 716 2281 Sumis,
760 2209 917 2266 etin
958 2211 1124 2267 vultu
1172 2211 1351 2286 signa
1396 2209 1657 2267 dolentis
1709 2209 1924 2268 habes.

407 2294 646 2355 Occidit
686 2294 764 2350 ah
810 2294 994 2353 decus
1039 2296 1143 2352 ille
1186 2305 1373 2366 tuum,
1422 2303 1526 2351 tua
1572 2313 1715 2350 cura
1755 2293 2071 2368 Thuanus,

490 2382 687 2454 Atque
732 2387 825 2436 est
866 2380 1022 2453 quod
1064 2381 1283 2437 feretro
1329 2379 1500 2437 triste
1538 2378 1777 2435 levatur
1823 2399 1998 2438 onus·

408 2463 692 2527 Summus
740 2464 1145 2537 alumnorum,
1187 2484 1340 2539 quos
1388 2465 1461 2521 ad
1507 2464 1757 2541 fastigia
1798 2464 2043 2523 laudum

488 2550 741 2608 Virtutis
785 2550 1026 2608 fervens
1072 2551 1334 2626 impetus
1382 2550 1698 2607 extulerat.

406 2634 565 2708 Quid
595 2653 810 2712 genus,
836 2643 937 2691 aut
961 2644 1306 2710 praestanS,
1341 2636 1624 2692 iuvenum
1656 2633 2011 2706 lectissime,
2040 2634 2239 2695 virtus

489 2719 749 2791 Profuit,
791 2727 893 2775 aut
934 2721 1153 2777 mentis
1198 2721 1290 2777 vis
1336 2738 1631 2795 generosa
1671 2719 1802 2791 tibi,

407 2803 474 2864 Si
523 2823 687 2863 mors
735 2812 873 2861 ante
919 2805 1073 2866 diem
1116 2813 1174 2861 te
1215 2805 1428 2861 funere
1472 2804 1719 2860 damnat
1751 2804 1999 2862 acerbo:

490 2889 759 2946 Iniecere
803 2889 1012 2947 avidas
1060 2890 1114 2947 si
1156 2888 1263 2946 tibi
1309 2889 1459 2947 Fata
1500 2888 1761 2946 manus?

404 2979 487 3033 At
533 2974 642 3032 tibi
683 2975 747 3031 in
792 2985 1049 3050 augusto
1097 2974 1334 3048 culmen
1377 2975 1632 3032 sublime
1679 2971 1907 3033 Senatu

488 3059 696 3117 Firma
742 3059 1127 3135 spondebant
1163 3060 1367 3117 omina
1411 3067 1572 3117 certa
1611 3058 1748 3115 fide.

404 3146 485 3203 Et
529 3145 639 3202 tibi
677 3144 902 3201 adhoc
951 3144 1160 3216 virtus,
1209 3153 1270 3201 et
1311 3145 1434 3202 vita
1470 3143 1710 3201 exculta
1751 3162 1861 3218 per
1901 3150 2088 3215 artes,

490 3228 796 3303 Famaque
842 3231 918 3287 ab
964 3229 1228 3305 antiquis
1272 3230 1461 3288 missa
1503 3229 1748 3285 favebat
1792 3228 1944 3299 avis,

405 3316 488 3373 Et
532 3313 802 3387 Genitor,
848 3334 1024 3389 quem
1070 3315 1125 3373 si
1166 3316 1276 3372 tibi
1318 3335 1432 3372 non
1476 3312 1713 3370 Natura
1758 3313 2050 3385 dedisset,

493 3400 555 3458 Is
600 3400 828 3457 meritis
878 3400 1063 3456 animi
1101 3401 1220 3457 iam
1269 3408 1405 3457 tuus
1455 3417 1593 3456 esse
1639 3404 1862 3474 potest.
1917 3461 1918 3464 Ἴ

407 3484 500 3542 Te
546 3485 804 3561 primum
852 3485 1008 3543 sacri
1052 3483 1283 3544 Genius
1333 3483 1584 3541 Themis
1628 3483 1790 3540 alma
1833 3480 2045 3543 Senati
