2452 4186
1144 351 1183 411 9

347 518 542 579 Corda
585 521 774 599 figitis
816 521 1051 594 intima,

346 603 624 665 Sauciate
660 624 773 682 par
812 607 922 663 hoc
964 626 1200 667 novum.

342 693 519 748 Anna
563 689 843 767 Gaspare
887 691 1135 751 ferveat.

345 774 584 851 Gaspar
627 783 864 834 aestuet
906 778 1105 834 Anna.

266 861 448 919 Ambo
495 879 775 937 compare
816 861 1067 919 vulnere

342 944 599 1005 Saueios
639 945 749 1003 tibi
786 946 1027 1003 tradidi.

337 1030 569 1088 Functa
612 1050 859 1088 munere
905 1050 1036 1091 sum
1079 1051 1235 1090 mee.

337 1115 497 1192 Ergo
539 1116 792 1192 fungere
832 1124 897 1173 tu
939 1126 1067 1188 tuo,

337 1199 708 1277 Hymenille,
748 1201 1039 1259 vicissim.

261 1285 377 1343 Fac
416 1304 593 1343 saera
632 1295 853 1343 coeant
893 1287 1013 1343 fide

334 1370 592 1427 Pectora
634 1371 907 1429 unanimi
952 1370 1129 1429 simul

338 1455 710 1531 Temperata
751 1456 1034 1533 eoagu103

337 1541 509 1615 Quae
561 1540 691 1597 dies
739 1540 1133 1616 querimoniis

337 1624 526 1683 Nulla
569 1624 798 1683 dividat
842 1626 1006 1683 olim.

259 1710 435 1785 Quod
474 1711 553 1769 sit
590 1711 789 1768 omine
831 1729 965 1768 cum
1011 1711 1192 1780 bon0‚

338 1796 536 1855 Omne
578 1796 926 1872 coniugibus
972 1796 1198 1853 bonum

332 1880 676 1957 Imprecare
721 1881 1087 1957 perenniter.

334 1967 392 2023 A
426 1965 749 2041 penatibus
796 1966 1000 2024 omnia

336 2049 686 2128 Deprecare
730 2051 987 2110 nefasta.

250 2137 456 2195 Pestis
503 2137 684 2208 absit,
730 2146 788 2193 et
827 2138 1072 2197 orbitas.

338 2220 618 2280 Gaudeat
659 2220 874 2280 domus
920 2242 1122 2281 annua

334 2306 534 2364 Prole.
579 2306 900 2382 frugiferas
949 2328 1100 2384 opes

339 2392 505 2449 Rure
547 2391 763 2448 fundat
801 2392 1022 2450 adorea

336 2476 481 2534 Dite
524 2476 704 2552 copia
752 2495 958 2535 cornu.

246 2563 388 2633 Eia,
432 2561 566 2635 quis
613 2581 796 2621 sonus
837 2563 977 2620 hio?
1020 2563 1106 2620 ita
1146 2570 1261 2635 est,

337 2646 408 2703 In
456 2645 700 2704 modum
738 2647 848 2704 tibi
892 2646 1175 2725 Virgines

336 2730 655 2807 Nuptialia
695 2733 962 2789 earmina

341 2814 693 2875 concinunt.
736 2817 848 2874 tibi
887 2818 1142 2876 noctifer

336 2901 585 2975 Linquit
628 2901 944 2976 Hesperus
992 2904 1231 2963 Oetam.

241 2986 504 3062 Impulit
546 2986 794 3044 thalami
840 2988 1000 3046 fores

341 3070 535 3130 Cardo
579 3072 865 3131 stridulus
910 3091 1155 3131 aeneam

341 3154 642 3233 Coniuges
683 3176 795 3215 sua
837 3159 959 3215 iam
997 3168 1179 3216 vocat

337 3241 529 3299 Hora.
583 3242 703 3298 iam
746 3243 1011 3300 veniant.
1053 3252 1180 3302 toro

337 3324 719 3385 collocentur
756 3329 1005 3386 eburno.

240 3411 490 3472 Blanda
527 3412 759 3487 praelia
807 3421 1150 3474 conserant.

336 3497 724 3574 Implieantia
762 3499 1011 3556 brachia
1187 3507 1191 3512 ’

334 3581 526 3641 Nulla
560 3582 654 3641 vis
694 3583 909 3642 ederae
948 3592 1135 3642 tenax
