<?xml version="1.0" encoding="UTF-8"?>
<!DOCTYPE html PUBLIC "-//W3C//DTD XHTML 1.0 Transitional//EN"
    "http://www.w3.org/TR/xhtml1/DTD/xhtml1-transitional.dtd">
<html xmlns="http://www.w3.org/1999/xhtml" xml:lang="en" lang="en">
 <head>
  <title>
</title>
<meta http-equiv="Content-Type" content="text/html;charset=utf-8" />
  <meta name='ocr-system' content='tesseract 3.04.00' />
  <meta name='ocr-capabilities' content='ocr_page ocr_carea ocr_par ocr_line ocrx_word'/>
</head>
<body>
  <div class='ocr_page' id='page_1' title='image "./iosephiscaliger02scalgoog/iosephiscaliger02scalgoog_0315.png"; bbox 0 0 2452 4186; ppageno 0'>
   <div class='ocr_carea' id='block_1_1' title="bbox 1085 295 1209 356">
    <p class='ocr_par' dir='ltr' id='par_1_1' title="bbox 1085 295 1209 356">
     <span class='ocr_line' id='line_1_1' title="bbox 1085 295 1209 356; baseline 0.016 -2"><span class='ocrx_word' id='word_1_1' title='bbox 1085 295 1209 356; x_wconf 81' lang='lat'>313</span> 
     </span>
    </p>
   </div>
   <div class='ocr_carea' id='block_1_2' title="bbox 996 382 1299 389">
    <p class='ocr_par' dir='ltr' id='par_1_2' title="bbox 996 382 1299 389">
     <span class='ocr_line' id='line_1_2' title="bbox 996 382 1299 389; baseline 0 3797"><span class='ocrx_word' id='word_1_2' title='bbox 996 382 1299 389; x_wconf 95' lang='lat' dir='ltr'> </span> 
     </span>
    </p>
   </div>
   <div class='ocr_carea' id='block_1_3' title="bbox 229 464 2173 3607">
    <p class='ocr_par' dir='ltr' id='par_1_3' title="bbox 233 464 1848 541">
     <span class='ocr_line' id='line_1_3' title="bbox 233 464 1848 541; baseline 0.003 -19"><span class='ocrx_word' id='word_1_3' title='bbox 233 464 527 535; x_wconf 85' lang='lat' dir='ltr'>Demens,</span> <span class='ocrx_word' id='word_1_4' title='bbox 574 471 864 522; x_wconf 88' lang='lat' dir='ltr'>monente</span> <span class='ocrx_word' id='word_1_5' title='bbox 908 472 1081 540; x_wconf 87' lang='lat' dir='ltr'>patre</span> <span class='ocrx_word' id='word_1_6' title='bbox 1129 466 1307 537; x_wconf 84' lang='lat' dir='ltr'>bene,</span> <span class='ocrx_word' id='word_1_7' title='bbox 1356 465 1693 541; x_wconf 84' lang='lat' dir='ltr'>deprensus</span> <span class='ocrx_word' id='word_1_8' title='bbox 1738 478 1848 529; x_wconf 88' lang='lat' dir='ltr'>est.</span> 
     </span>
    </p>

    <p class='ocr_par' dir='ltr' id='par_1_4' title="bbox 232 548 1599 622">
     <span class='ocr_line' id='line_1_4' title="bbox 232 548 1599 622; baseline 0 -14"><span class='ocrx_word' id='word_1_9' title='bbox 232 550 393 609; x_wconf 88' lang='lat' dir='ltr'>Nam</span> <span class='ocrx_word' id='word_1_10' title='bbox 439 549 531 613; x_wconf 88' lang='lat' dir='ltr'>sic</span> <span class='ocrx_word' id='word_1_11' title='bbox 567 550 885 607; x_wconf 85' lang='lat' dir='ltr'>monebat:</span> <span class='ocrx_word' id='word_1_12' title='bbox 938 548 1182 622; x_wconf 83' lang='lat' dir='ltr'>Gnate‚.</span> <span class='ocrx_word' id='word_1_13' title='bbox 1209 550 1431 609; x_wconf 90' lang='lat' dir='ltr'>bellica</span> <span class='ocrx_word' id='word_1_14' title='bbox 1466 550 1599 608; x_wconf 92' lang='lat' dir='ltr'>clue</span> 
     </span>
    </p>

    <p class='ocr_par' dir='ltr' id='par_1_5' title="bbox 232 634 2165 796">
     <span class='ocr_line' id='line_1_5' title="bbox 232 634 2165 694; baseline -0.002 -2"><span class='ocrx_word' id='word_1_15' title='bbox 232 636 468 692; x_wconf 82' lang='lat' dir='ltr'><strong>Virtute</strong></span> <span class='ocrx_word' id='word_1_16' title='bbox 501 634 726 692; x_wconf 76' lang='lat' dir='ltr'>victor:</span> <span class='ocrx_word' id='word_1_17' title='bbox 779 634 953 692; x_wconf 87' lang='lat' dir='ltr'>vince</span> <span class='ocrx_word' id='word_1_18' title='bbox 1000 653 1132 692; x_wconf 90' lang='lat' dir='ltr'>cum</span> <span class='ocrx_word' id='word_1_19' title='bbox 1180 635 1319 694; x_wconf 88' lang='lat' dir='ltr'>Deo</span> <span class='ocrx_word' id='word_1_20' title='bbox 1366 643 1587 693; x_wconf 89' lang='lat' dir='ltr'>tamen.</span> <span class='ocrx_word' id='word_1_21' title='bbox 2065 637 2165 690; x_wconf 87' lang='grc'>765</span> 
     </span>
     <span class='ocr_line' id='line_1_6' title="bbox 234 719 1618 796; baseline 0 -17"><span class='ocrx_word' id='word_1_22' title='bbox 234 719 458 780; x_wconf 81' lang='lat' dir='ltr'><strong>Contra</strong></span> <span class='ocrx_word' id='word_1_23' title='bbox 505 719 613 776; x_wconf 91' lang='lat' dir='ltr'>ille</span> <span class='ocrx_word' id='word_1_24' title='bbox 657 727 824 777; x_wconf 87' lang='lat' dir='ltr'>torve</span> <span class='ocrx_word' id='word_1_25' title='bbox 864 719 1084 777; x_wconf 85' lang='lat' dir='ltr'>affatur</span> <span class='ocrx_word' id='word_1_26' title='bbox 1122 739 1194 777; x_wconf 91' lang='lat' dir='ltr'>ac</span> <span class='ocrx_word' id='word_1_27' title='bbox 1244 720 1618 796; x_wconf 84' lang='lat' dir='ltr'>superbiter:</span> 
     </span>
    </p>

    <p class='ocr_par' dir='ltr' id='par_1_6' title="bbox 235 804 1597 882">
     <span class='ocr_line' id='line_1_7' title="bbox 235 804 1597 882; baseline -0.001 -17"><span class='ocrx_word' id='word_1_28' title='bbox 235 806 288 865; x_wconf 89' lang='lat' dir='ltr'>O</span> <span class='ocrx_word' id='word_1_29' title='bbox 335 806 600 882; x_wconf 84' lang='lat' dir='ltr'>genitor,</span> <span class='ocrx_word' id='word_1_30' title='bbox 645 804 827 862; x_wconf 89' lang='lat' dir='ltr'>etiam</span> <span class='ocrx_word' id='word_1_31' title='bbox 873 805 927 862; x_wconf 90' lang='lat' dir='ltr'>si</span> <span class='ocrx_word' id='word_1_32' title='bbox 971 805 1108 881; x_wconf 88' lang='lat' dir='ltr'>quis</span> <span class='ocrx_word' id='word_1_33' title='bbox 1156 815 1251 864; x_wconf 78' lang='lat' dir='ltr'>est</span> <span class='ocrx_word' id='word_1_34' title='bbox 1291 805 1446 863; x_wconf 87' lang='lat' dir='ltr'>nulli</span> <span class='ocrx_word' id='word_1_35' title='bbox 1485 807 1597 878; x_wconf 85' lang='lat' dir='ltr'>rei,</span> 
     </span>
    </p>

    <p class='ocr_par' dir='ltr' id='par_1_7' title="bbox 234 889 1731 967">
     <span class='ocr_line' id='line_1_8' title="bbox 234 889 1731 967; baseline 0.001 -20"><span class='ocrx_word' id='word_1_36' title='bbox 234 890 470 948; x_wconf 85' lang='lat' dir='ltr'>Virtute</span> <span class='ocrx_word' id='word_1_37' title='bbox 511 889 715 947; x_wconf 74' lang='lat' dir='ltr'>divum</span> <span class='ocrx_word' id='word_1_38' title='bbox 765 889 992 947; x_wconf 81' lang='lat' dir='ltr'>vincet:</span> <span class='ocrx_word' id='word_1_39' title='bbox 1049 899 1146 948; x_wconf 87' lang='lat' dir='ltr'>ast</span> <span class='ocrx_word' id='word_1_40' title='bbox 1190 910 1304 967; x_wconf 83' lang='lat' dir='ltr'>ego</span> <span class='ocrx_word' id='word_1_41' title='bbox 1347 891 1502 947; x_wconf 91' lang='lat' dir='ltr'>hanc</span> <span class='ocrx_word' id='word_1_42' title='bbox 1547 892 1731 963; x_wconf 79' lang='lat' dir='ltr'>facul,</span> 
     </span>
    </p>

    <p class='ocr_par' dir='ltr' id='par_1_8' title="bbox 231 973 1472 1052">
     <span class='ocr_line' id='line_1_9' title="bbox 231 973 1472 1052; baseline -0.002 -17"><span class='ocrx_word' id='word_1_43' title='bbox 231 975 431 1035; x_wconf 88' lang='lat' dir='ltr'>Etiam</span> <span class='ocrx_word' id='word_1_44' title='bbox 477 975 613 1033; x_wconf 90' lang='lat' dir='ltr'>sine</span> <span class='ocrx_word' id='word_1_45' title='bbox 653 973 778 1032; x_wconf 84' lang='lat' dir='ltr'>illis</span> <span class='ocrx_word' id='word_1_46' title='bbox 820 974 1154 1050; x_wconf 90' lang='lat' dir='ltr'>indipiscar</span> <span class='ocrx_word' id='word_1_47' title='bbox 1192 976 1472 1052; x_wconf 83' lang='lat' dir='ltr'><strong>gloriam.</strong></span> 
     </span>
    </p>

    <p class='ocr_par' dir='ltr' id='par_1_9' title="bbox 230 1060 2167 1217">
     <span class='ocr_line' id='line_1_10' title="bbox 230 1060 2167 1145; baseline -0.001 -26"><span class='ocrx_word' id='word_1_48' title='bbox 230 1061 401 1119; x_wconf 91' lang='lat' dir='ltr'>Adeo</span> <span class='ocrx_word' id='word_1_49' title='bbox 448 1061 708 1134; x_wconf 84' lang='lat' dir='ltr'>superbe</span> <span class='ocrx_word' id='word_1_50' title='bbox 755 1068 850 1118; x_wconf 90' lang='lat' dir='ltr'>est</span> <span class='ocrx_word' id='word_1_51' title='bbox 894 1060 1234 1135; x_wconf 80' lang='lat' dir='ltr'>eloquatus.</span> <span class='ocrx_word' id='word_1_52' title='bbox 1279 1060 1562 1136; x_wconf 87' lang='lat' dir='ltr'>Denique</span> <span class='ocrx_word' id='word_1_53' title='bbox 1990 1128 1999 1145; x_wconf 35' lang='lat'><strong>⁴</strong></span> <span class='ocrx_word' id='word_1_54' title='bbox 2064 1062 2167 1117; x_wconf 88' lang='lat'>770</span> 
     </span>
     <span class='ocr_line' id='line_1_11' title="bbox 232 1145 1792 1217; baseline 0.002 -14"><span class='ocrx_word' id='word_1_55' title='bbox 232 1145 430 1204; x_wconf 80' lang='lat' dir='ltr'><strong>Divae</strong></span> <span class='ocrx_word' id='word_1_56' title='bbox 471 1145 806 1217; x_wconf 83' lang='lat' dir='ltr'>Minervae,</span> <span class='ocrx_word' id='word_1_57' title='bbox 848 1145 988 1202; x_wconf 90' lang='lat' dir='ltr'>dum</span> <span class='ocrx_word' id='word_1_58' title='bbox 1032 1145 1203 1204; x_wconf 91' lang='lat' dir='ltr'>illum</span> <span class='ocrx_word' id='word_1_59' title='bbox 1245 1146 1309 1203; x_wconf 92' lang='lat' dir='ltr'>in</span> <span class='ocrx_word' id='word_1_60' title='bbox 1354 1146 1792 1206; x_wconf 84' lang='lat' dir='ltr'>offertissumos</span> 
     </span>
    </p>

    <p class='ocr_par' dir='ltr' id='par_1_10' title="bbox 233 1231 1675 1304">
     <span class='ocr_line' id='line_1_12' title="bbox 233 1231 1675 1304; baseline 0.001 -16"><span class='ocrx_word' id='word_1_61' title='bbox 233 1231 531 1288; x_wconf 81' lang='lat' dir='ltr'><strong>Hortatur</strong></span> <span class='ocrx_word' id='word_1_62' title='bbox 572 1231 775 1289; x_wconf 88' lang='lat' dir='ltr'>hostes</span> <span class='ocrx_word' id='word_1_63' title='bbox 815 1238 1046 1288; x_wconf 82' lang='lat' dir='ltr'>vertere</span> <span class='ocrx_word' id='word_1_64' title='bbox 1085 1231 1372 1290; x_wconf 81' lang='lat' dir='ltr'>infestam</span> <span class='ocrx_word' id='word_1_65' title='bbox 1411 1250 1675 1304; x_wconf 87' lang='lat' dir='ltr'>manum,</span> 
     </span>
    </p>

    <p class='ocr_par' dir='ltr' id='par_1_11' title="bbox 232 1314 1870 1393">
     <span class='ocr_line' id='line_1_13' title="bbox 232 1314 1870 1393; baseline 0.002 -20"><span class='ocrx_word' id='word_1_66' title='bbox 232 1314 480 1373; x_wconf 80' lang='lat' dir='ltr'><strong>Dictum</strong></span> <span class='ocrx_word' id='word_1_67' title='bbox 523 1315 880 1388; x_wconf 90' lang='lat' dir='ltr'>obloquutus</span> <span class='ocrx_word' id='word_1_68' title='bbox 923 1334 1245 1391; x_wconf 79' lang='lat' dir='ltr'>perperam</span> <span class='ocrx_word' id='word_1_69' title='bbox 1292 1324 1390 1375; x_wconf 88' lang='lat' dir='ltr'>est</span> <span class='ocrx_word' id='word_1_70' title='bbox 1435 1324 1496 1373; x_wconf 89' lang='lat' dir='ltr'>et</span> <span class='ocrx_word' id='word_1_71' title='bbox 1533 1317 1870 1393; x_wconf 86' lang='lat' dir='ltr'>impotens:</span> 
     </span>
    </p>

    <p class='ocr_par' dir='ltr' id='par_1_12' title="bbox 236 1398 1648 1477">
     <span class='ocr_line' id='line_1_14' title="bbox 236 1398 1648 1477; baseline -0.001 -17"><span class='ocrx_word' id='word_1_72' title='bbox 236 1401 287 1460; x_wconf 93' lang='lat' dir='ltr'>O</span> <span class='ocrx_word' id='word_1_73' title='bbox 333 1401 497 1471; x_wconf 80' lang='lat' dir='ltr'>diva,</span> <span class='ocrx_word' id='word_1_74' title='bbox 551 1398 825 1459; x_wconf 87' lang='lat' dir='ltr'>Graecos</span> <span class='ocrx_word' id='word_1_75' title='bbox 867 1408 1142 1459; x_wconf 88' lang='lat' dir='ltr'>caeteros</span> <span class='ocrx_word' id='word_1_76' title='bbox 1187 1419 1485 1477; x_wconf 85' lang='lat' dir='ltr'>praesens</span> <span class='ocrx_word' id='word_1_77' title='bbox 1528 1421 1648 1477; x_wconf 90' lang='lat' dir='ltr'>ope</span> 
     </span>
    </p>

    <p class='ocr_par' dir='ltr' id='par_1_13' title="bbox 232 1485 2165 1647">
     <span class='ocr_line' id='line_1_15' title="bbox 235 1485 2165 1563; baseline 0.001 -20"><span class='ocrx_word' id='word_1_78' title='bbox 235 1486 490 1543; x_wconf 88' lang='lat' dir='ltr'>Tutare:</span> <span class='ocrx_word' id='word_1_79' title='bbox 548 1504 689 1542; x_wconf 89' lang='lat' dir='ltr'>nam</span> <span class='ocrx_word' id='word_1_80' title='bbox 734 1485 796 1543; x_wconf 90' lang='lat' dir='ltr'>in</span> <span class='ocrx_word' id='word_1_81' title='bbox 840 1504 955 1544; x_wconf 91' lang='lat' dir='ltr'>nos</span> <span class='ocrx_word' id='word_1_82' title='bbox 1001 1486 1169 1543; x_wconf 82' lang='lat' dir='ltr'>nulla</span> <span class='ocrx_word' id='word_1_83' title='bbox 1212 1487 1305 1544; x_wconf 88' lang='lat' dir='ltr'>vis</span> <span class='ocrx_word' id='word_1_84' title='bbox 1348 1505 1587 1562; x_wconf 84' lang='lat' dir='ltr'>pugnae</span> <span class='ocrx_word' id='word_1_85' title='bbox 1632 1487 1888 1563; x_wconf 83' lang='lat' dir='ltr'><strong>ingruet.</strong></span> <span class='ocrx_word' id='word_1_86' title='bbox 2065 1492 2165 1545; x_wconf 87' lang='grc'>775</span> 
     </span>
     <span class='ocr_line' id='line_1_16' title="bbox 232 1570 1591 1647; baseline 0 -18"><span class='ocrx_word' id='word_1_87' title='bbox 232 1571 348 1629; x_wconf 89' lang='lat' dir='ltr'>His</span> <span class='ocrx_word' id='word_1_88' title='bbox 397 1570 503 1627; x_wconf 86' lang='lat' dir='ltr'>ille</span> <span class='ocrx_word' id='word_1_89' title='bbox 546 1571 748 1629; x_wconf 82' lang='lat' dir='ltr'>verbis</span> <span class='ocrx_word' id='word_1_90' title='bbox 796 1571 915 1629; x_wconf 91' lang='lat' dir='ltr'>sibi</span> <span class='ocrx_word' id='word_1_91' title='bbox 958 1571 1129 1628; x_wconf 87' lang='lat' dir='ltr'>Deae</span> <span class='ocrx_word' id='word_1_92' title='bbox 1173 1570 1591 1647; x_wconf 84' lang='lat' dir='ltr'>implacabiles</span> 
     </span>
    </p>

    <p class='ocr_par' dir='ltr' id='par_1_14' title="bbox 232 1654 1489 1733">
     <span class='ocr_line' id='line_1_17' title="bbox 232 1654 1489 1733; baseline -0.002 -18"><span class='ocrx_word' id='word_1_93' title='bbox 232 1655 471 1715; x_wconf 83' lang='lat' dir='ltr'>Ascivit</span> <span class='ocrx_word' id='word_1_94' title='bbox 511 1654 662 1727; x_wconf 81' lang='lat' dir='ltr'>iras,</span> <span class='ocrx_word' id='word_1_95' title='bbox 711 1656 951 1713; x_wconf 87' lang='lat' dir='ltr'>homine</span> <span class='ocrx_word' id='word_1_96' title='bbox 997 1656 1238 1733; x_wconf 84' lang='lat' dir='ltr'><strong>spirans</strong></span> <span class='ocrx_word' id='word_1_97' title='bbox 1287 1656 1489 1714; x_wconf 90' lang='lat' dir='ltr'>altius.</span> 
     </span>
    </p>

    <p class='ocr_par' dir='ltr' id='par_1_15' title="bbox 233 1740 1610 1811">
     <span class='ocr_line' id='line_1_18' title="bbox 233 1740 1610 1811; baseline -0.004 -10"><span class='ocrx_word' id='word_1_98' title='bbox 233 1740 353 1802; x_wconf 87' lang='lat' dir='ltr'>Sed</span> <span class='ocrx_word' id='word_1_99' title='bbox 401 1740 456 1799; x_wconf 87' lang='lat' dir='ltr'>si</span> <span class='ocrx_word' id='word_1_100' title='bbox 502 1740 660 1797; x_wconf 91' lang='lat' dir='ltr'>diem</span> <span class='ocrx_word' id='word_1_101' title='bbox 703 1743 886 1799; x_wconf 89' lang='lat' dir='ltr'>istum</span> <span class='ocrx_word' id='word_1_102' title='bbox 926 1742 1187 1800; x_wconf 87' lang='lat' dir='ltr'>vescitur</span> <span class='ocrx_word' id='word_1_103' title='bbox 1225 1742 1377 1800; x_wconf 83' lang='lat' dir='ltr'>vita:</span> <span class='ocrx_word' id='word_1_104' title='bbox 1424 1741 1610 1811; x_wconf 85' lang='lat' dir='ltr'>ilicet,</span> 
     </span>
    </p>

    <p class='ocr_par' dir='ltr' id='par_1_16' title="bbox 230 1825 1485 1889">
     <span class='ocr_line' id='line_1_19' title="bbox 230 1825 1485 1889; baseline -0.002 -5"><span class='ocrx_word' id='word_1_105' title='bbox 230 1827 382 1885; x_wconf 87' lang='lat' dir='ltr'>Eius</span> <span class='ocrx_word' id='word_1_106' title='bbox 425 1825 686 1884; x_wconf 85' lang='lat' dir='ltr'>salutem</span> <span class='ocrx_word' id='word_1_107' title='bbox 732 1845 865 1883; x_wconf 91' lang='lat' dir='ltr'>cum</span> <span class='ocrx_word' id='word_1_108' title='bbox 896 1826 1051 1889; x_wconf 54' lang='lat' dir='ltr'>,Deo</span> <span class='ocrx_word' id='word_1_109' title='bbox 1093 1828 1485 1885; x_wconf 84' lang='lat' dir='ltr'>confecimus.</span> 
     </span>
    </p>

    <p class='ocr_par' dir='ltr' id='par_1_17' title="bbox 231 1910 2167 2072">
     <span class='ocr_line' id='line_1_20' title="bbox 231 1910 2167 1987; baseline 0.001 -18"><span class='ocrx_word' id='word_1_110' title='bbox 231 1912 409 1969; x_wconf 91' lang='lat' dir='ltr'>Haec</span> <span class='ocrx_word' id='word_1_111' title='bbox 451 1930 660 1987; x_wconf 88' lang='lat' dir='ltr'>augur.</span> <span class='ocrx_word' id='word_1_112' title='bbox 704 1919 767 1969; x_wconf 90' lang='lat' dir='ltr'>at</span> <span class='ocrx_word' id='word_1_113' title='bbox 811 1930 907 1968; x_wconf 91' lang='lat' dir='ltr'>me</span> <span class='ocrx_word' id='word_1_114' title='bbox 953 1931 1033 1969; x_wconf 84' lang='lat' dir='ltr'>ex</span> <span class='ocrx_word' id='word_1_115' title='bbox 1079 1913 1446 1971; x_wconf 87' lang='lat' dir='ltr'>sessimonio</span> <span class='ocrx_word' id='word_1_116' title='bbox 1492 1910 1695 1967; x_wconf 87' lang='lat' dir='ltr'>statim</span> <span class='ocrx_word' id='word_1_117' title='bbox 2066 1915 2167 1970; x_wconf 77' lang='lat'>780</span> 
     </span>
     <span class='ocr_line' id='line_1_21' title="bbox 231 1996 1460 2072; baseline -0.001 -17"><span class='ocrx_word' id='word_1_118' title='bbox 231 1997 374 2055; x_wconf 88' lang='lat' dir='ltr'>Tibi</span> <span class='ocrx_word' id='word_1_119' title='bbox 422 1996 545 2054; x_wconf 87' lang='lat' dir='ltr'>ista</span> <span class='ocrx_word' id='word_1_120' title='bbox 583 1996 749 2053; x_wconf 89' lang='lat' dir='ltr'>misit</span> <span class='ocrx_word' id='word_1_121' title='bbox 793 1996 1199 2072; x_wconf 90' lang='lat' dir='ltr'>perferentem</span> <span class='ocrx_word' id='word_1_122' title='bbox 1245 1997 1460 2056; x_wconf 89' lang='lat' dir='ltr'>sedulo</span> 
     </span>
    </p>

    <p class='ocr_par' dir='ltr' id='par_1_18' title="bbox 229 2081 1682 2157">
     <span class='ocr_line' id='line_1_22' title="bbox 229 2081 1682 2157; baseline -0.002 -16"><span class='ocrx_word' id='word_1_123' title='bbox 229 2081 524 2142; x_wconf 81' lang='lat' dir='ltr'>Mandata</span> <span class='ocrx_word' id='word_1_124' title='bbox 568 2081 823 2140; x_wconf 89' lang='lat' dir='ltr'>Teucer.</span> <span class='ocrx_word' id='word_1_125' title='bbox 872 2081 941 2142; x_wconf 83' lang='lat' dir='ltr'>Si</span> <span class='ocrx_word' id='word_1_126' title='bbox 985 2102 1101 2146; x_wconf 89' lang='lat' dir='ltr'>nec</span> <span class='ocrx_word' id='word_1_127' title='bbox 1138 2083 1351 2144; x_wconf 89' lang='lat' dir='ltr'>adsum</span> <span class='ocrx_word' id='word_1_128' title='bbox 1396 2081 1682 2157; x_wconf 77' lang='lat' dir='ltr'>tempori,</span> 
     </span>
    </p>

    <p class='ocr_par' dir='ltr' id='par_1_19' title="bbox 229 2168 1791 2243">
     <span class='ocr_line' id='line_1_23' title="bbox 229 2168 1791 2243; baseline -0.002 -17"><span class='ocrx_word' id='word_1_129' title='bbox 229 2168 372 2227; x_wconf 88' lang='lat' dir='ltr'>Non</span> <span class='ocrx_word' id='word_1_130' title='bbox 422 2176 673 2243; x_wconf 88' lang='lat' dir='ltr'>superat</span> <span class='ocrx_word' id='word_1_131' title='bbox 714 2168 841 2238; x_wconf 78' lang='lat' dir='ltr'>ille,</span> <span class='ocrx_word' id='word_1_132' title='bbox 886 2169 1117 2243; x_wconf 90' lang='lat' dir='ltr'>siquid</span> <span class='ocrx_word' id='word_1_133' title='bbox 1167 2171 1264 2227; x_wconf 87' lang='lat' dir='ltr'>hic</span> <span class='ocrx_word' id='word_1_134' title='bbox 1311 2168 1570 2227; x_wconf 87' lang='lat' dir='ltr'>Calchas</span> <span class='ocrx_word' id='word_1_135' title='bbox 1613 2168 1791 2242; x_wconf 88' lang='lat' dir='ltr'>sapit.</span> 
     </span>
    </p>

    <p class='ocr_par' dir='ltr' id='par_1_20' title="bbox 230 2252 2169 2500">
     <span class='ocr_line' id='line_1_24' title="bbox 230 2252 1859 2328; baseline -0.001 -16"><span class='ocrx_word' id='word_1_136' title='bbox 230 2252 342 2312; x_wconf 83' lang='lat' dir='ltr'>Ch.</span> <span class='ocrx_word' id='word_1_137' title='bbox 431 2252 788 2324; x_wconf 87' lang='lat' dir='ltr'>Tecmessa,</span> <span class='ocrx_word' id='word_1_138' title='bbox 835 2254 1060 2311; x_wconf 89' lang='lat' dir='ltr'>misera</span> <span class='ocrx_word' id='word_1_139' title='bbox 1098 2255 1339 2324; x_wconf 81' lang='lat' dir='ltr'>mulier,</span> <span class='ocrx_word' id='word_1_140' title='bbox 1387 2252 1602 2310; x_wconf 81' lang='lat' dir='ltr'>infelix</span> <span class='ocrx_word' id='word_1_141' title='bbox 1645 2271 1859 2328; x_wconf 83' lang='lat' dir='ltr'>genus,</span> 
     </span>
     <span class='ocr_line' id='line_1_25' title="bbox 232 2338 2169 2411; baseline -0.002 -15"><span class='ocrx_word' id='word_1_142' title='bbox 232 2338 523 2410; x_wconf 87' lang='lat' dir='ltr'>Accede‚·</span> <span class='ocrx_word' id='word_1_143' title='bbox 547 2346 605 2396; x_wconf 89' lang='lat' dir='ltr'>et</span> <span class='ocrx_word' id='word_1_144' title='bbox 649 2338 811 2409; x_wconf 76' lang='lat' dir='ltr'>audi,</span> <span class='ocrx_word' id='word_1_145' title='bbox 853 2338 1057 2410; x_wconf 82' lang='lat' dir='ltr'>qualia</span> <span class='ocrx_word' id='word_1_146' title='bbox 1099 2338 1196 2395; x_wconf 92' lang='lat' dir='ltr'>hic</span> <span class='ocrx_word' id='word_1_147' title='bbox 1240 2339 1428 2395; x_wconf 86' lang='lat' dir='ltr'>verba</span> <span class='ocrx_word' id='word_1_148' title='bbox 1470 2338 1799 2411; x_wconf 88' lang='lat' dir='ltr'>obstrepit:</span> <span class='ocrx_word' id='word_1_149' title='bbox 2068 2339 2169 2393; x_wconf 83' lang='lat'>785</span> 
     </span>
     <span class='ocr_line' id='line_1_26' title="bbox 235 2421 1857 2500; baseline -0.001 -20"><span class='ocrx_word' id='word_1_150' title='bbox 235 2422 413 2495; x_wconf 83' lang='lat' dir='ltr'>Quae</span> <span class='ocrx_word' id='word_1_151' title='bbox 461 2423 746 2500; x_wconf 89' lang='lat' dir='ltr'>gaudium</span> <span class='ocrx_word' id='word_1_152' title='bbox 791 2441 971 2482; x_wconf 89' lang='lat' dir='ltr'>omne</span> <span class='ocrx_word' id='word_1_153' title='bbox 1020 2430 1411 2498; x_wconf 85' lang='lat' dir='ltr'>expectorant</span> <span class='ocrx_word' id='word_1_154' title='bbox 1448 2421 1651 2480; x_wconf 86' lang='lat' dir='ltr'>animo</span> <span class='ocrx_word' id='word_1_155' title='bbox 1692 2421 1857 2478; x_wconf 88' lang='lat' dir='ltr'>mihi.</span> 
     </span>
    </p>

    <p class='ocr_par' dir='ltr' id='par_1_21' title="bbox 236 2506 2020 2654">
     <span class='ocr_line' id='line_1_27' title="bbox 236 2506 2020 2583; baseline -0.002 -16"><span class='ocrx_word' id='word_1_156' title='bbox 236 2509 384 2567; x_wconf 90' lang='lat' dir='ltr'>Tec.</span> <span class='ocrx_word' id='word_1_157' title='bbox 476 2508 639 2583; x_wconf 79' lang='lat' dir='ltr'>Quid</span> <span class='ocrx_word' id='word_1_158' title='bbox 679 2527 775 2566; x_wconf 87' lang='lat' dir='ltr'>me</span> <span class='ocrx_word' id='word_1_159' title='bbox 819 2508 1122 2566; x_wconf 86' lang='lat' dir='ltr'>misellam</span> <span class='ocrx_word' id='word_1_160' title='bbox 1155 2509 1259 2566; x_wconf 86' lang='lat' dir='ltr'>vix</span> <span class='ocrx_word' id='word_1_161' title='bbox 1301 2507 1713 2583; x_wconf 86' lang='lat' dir='ltr'>quiescentem</span> <span class='ocrx_word' id='word_1_162' title='bbox 1763 2525 1800 2562; x_wconf 92' lang='lat' dir='ltr'>a</span> <span class='ocrx_word' id='word_1_163' title='bbox 1843 2506 2020 2564; x_wconf 88' lang='lat' dir='ltr'>malis</span> 
     </span>
     <span class='ocr_line' id='line_1_28' title="bbox 238 2593 1377 2654; baseline -0.001 -3"><span class='ocrx_word' id='word_1_164' title='bbox 238 2595 375 2651; x_wconf 92' lang='lat' dir='ltr'>Meo</span> <span class='ocrx_word' id='word_1_165' title='bbox 414 2600 694 2651; x_wconf 90' lang='lat' dir='ltr'>recenter</span> <span class='ocrx_word' id='word_1_166' title='bbox 735 2594 1012 2654; x_wconf 82' lang='lat' dir='ltr'>excitatis</span> <span class='ocrx_word' id='word_1_167' title='bbox 1058 2594 1132 2651; x_wconf 90' lang='lat' dir='ltr'>de</span> <span class='ocrx_word' id='word_1_168' title='bbox 1175 2593 1377 2652; x_wconf 81' lang='lat' dir='ltr'>statu?</span> 
     </span>
    </p>

    <p class='ocr_par' dir='ltr' id='par_1_22' title="bbox 236 2676 1769 2755">
     <span class='ocr_line' id='line_1_29' title="bbox 236 2676 1769 2755; baseline -0.001 -18"><span class='ocrx_word' id='word_1_169' title='bbox 236 2677 345 2738; x_wconf 85' lang='lat' dir='ltr'>ch.</span> <span class='ocrx_word' id='word_1_170' title='bbox 442 2678 585 2736; x_wconf 87' lang='lat' dir='ltr'>Tibi</span> <span class='ocrx_word' id='word_1_171' title='bbox 632 2697 776 2755; x_wconf 86' lang='lat' dir='ltr'>ergo</span> <span class='ocrx_word' id='word_1_172' title='bbox 827 2679 987 2737; x_wconf 91' lang='lat' dir='ltr'>dicat</span> <span class='ocrx_word' id='word_1_173' title='bbox 1023 2680 1171 2738; x_wconf 88' lang='lat' dir='ltr'>ista.</span> <span class='ocrx_word' id='word_1_174' title='bbox 1224 2697 1365 2735; x_wconf 85' lang='lat' dir='ltr'>nam</span> <span class='ocrx_word' id='word_1_175' title='bbox 1411 2696 1509 2735; x_wconf 91' lang='lat' dir='ltr'>me</span> <span class='ocrx_word' id='word_1_176' title='bbox 1554 2676 1628 2734; x_wconf 92' lang='lat' dir='ltr'>de</span> <span class='ocrx_word' id='word_1_177' title='bbox 1666 2687 1769 2735; x_wconf 88' lang='lat' dir='ltr'>tuo</span> 
     </span>
    </p>

    <p class='ocr_par' dir='ltr' id='par_1_23' title="bbox 232 2764 2171 3011">
     <span class='ocr_line' id='line_1_30' title="bbox 233 2764 2171 2839; baseline -0.001 -17"><span class='ocrx_word' id='word_1_178' title='bbox 233 2765 421 2822; x_wconf 89' lang='lat' dir='ltr'>Aiace</span> <span class='ocrx_word' id='word_1_179' title='bbox 469 2782 625 2839; x_wconf 87' lang='lat' dir='ltr'>quae</span> <span class='ocrx_word' id='word_1_180' title='bbox 668 2765 957 2837; x_wconf 85' lang='lat' dir='ltr'>narravit,</span> <span class='ocrx_word' id='word_1_181' title='bbox 1004 2764 1358 2823; x_wconf 84' lang='lat' dir='ltr'>exanimant</span> <span class='ocrx_word' id='word_1_182' title='bbox 1395 2770 1578 2822; x_wconf 89' lang='lat' dir='ltr'>metu.</span> <span class='ocrx_word' id='word_1_183' title='bbox 2052 2767 2171 2824; x_wconf 82' lang='grc'>790</span> 
     </span>
     <span class='ocr_line' id='line_1_31' title="bbox 235 2846 2069 2925; baseline -0.001 -19"><span class='ocrx_word' id='word_1_184' title='bbox 235 2849 380 2907; x_wconf 88' lang='lat' dir='ltr'>Tec.</span> <span class='ocrx_word' id='word_1_185' title='bbox 481 2847 646 2921; x_wconf 88' lang='lat' dir='ltr'>Hau,</span> <span class='ocrx_word' id='word_1_186' title='bbox 664 2849 747 2906; x_wconf 90' lang='lat' dir='ltr'>mi</span> <span class='ocrx_word' id='word_1_187' title='bbox 769 2850 964 2922; x_wconf 87' lang='lat' dir='ltr'>h0m0‚</span> <span class='ocrx_word' id='word_1_188' title='bbox 991 2851 1131 2924; x_wconf 87' lang='lat' dir='ltr'>quid</span> <span class='ocrx_word' id='word_1_189' title='bbox 1157 2850 1292 2910; x_wconf 82' lang='lat' dir='ltr'>ais?</span> <span class='ocrx_word' id='word_1_190' title='bbox 1317 2868 1395 2907; x_wconf 90' lang='lat' dir='ltr'>an</span> <span class='ocrx_word' id='word_1_191' title='bbox 1419 2848 1662 2925; x_wconf 89' lang='lat' dir='ltr'>penitus</span> <span class='ocrx_word' id='word_1_192' title='bbox 1682 2867 1794 2925; x_wconf 86' lang='lat' dir='ltr'>ego</span> <span class='ocrx_word' id='word_1_193' title='bbox 1831 2846 2069 2905; x_wconf 70' lang='lat' dir='ltr'>occidi?</span> 
     </span>
     <span class='ocr_line' id='line_1_32' title="bbox 232 2934 1920 3011; baseline 0 -19"><span class='ocrx_word' id='word_1_194' title='bbox 232 2934 431 2993; x_wconf 88' lang='lat' dir='ltr'>Nunc.</span> <span class='ocrx_word' id='word_1_195' title='bbox 477 2934 575 2992; x_wconf 91' lang='lat' dir='ltr'>De</span> <span class='ocrx_word' id='word_1_196' title='bbox 618 2942 679 2991; x_wconf 90' lang='lat' dir='ltr'>te</span> <span class='ocrx_word' id='word_1_197' title='bbox 722 2934 872 2992; x_wconf 89' lang='lat' dir='ltr'>nihil</span> <span class='ocrx_word' id='word_1_198' title='bbox 916 2936 1241 3011; x_wconf 83' lang='lat' dir='ltr'>promitto.</span> <span class='ocrx_word' id='word_1_199' title='bbox 1290 2936 1366 2993; x_wconf 89' lang='lat' dir='ltr'>de</span> <span class='ocrx_word' id='word_1_200' title='bbox 1406 2935 1595 2993; x_wconf 85' lang='lat' dir='ltr'>Aiace</span> <span class='ocrx_word' id='word_1_201' title='bbox 1632 2941 1920 3004; x_wconf 81' lang='lat' dir='ltr'>attamen,</span> 
     </span>
    </p>

    <p class='ocr_par' dir='ltr' id='par_1_24' title="bbox 236 3017 1525 3097">
     <span class='ocr_line' id='line_1_33' title="bbox 236 3017 1525 3097; baseline -0.001 -19"><span class='ocrx_word' id='word_1_202' title='bbox 236 3017 302 3079; x_wconf 83' lang='lat' dir='ltr'>Si</span> <span class='ocrx_word' id='word_1_203' title='bbox 344 3019 682 3077; x_wconf 82' lang='lat' dir='ltr'>eliminavit</span> <span class='ocrx_word' id='word_1_204' title='bbox 720 3019 849 3091; x_wconf 84' lang='lat' dir='ltr'>ille,</span> <span class='ocrx_word' id='word_1_205' title='bbox 890 3041 1015 3078; x_wconf 91' lang='lat' dir='ltr'>non</span> <span class='ocrx_word' id='word_1_206' title='bbox 1061 3040 1303 3097; x_wconf 88' lang='lat' dir='ltr'>sperem</span> <span class='ocrx_word' id='word_1_207' title='bbox 1350 3022 1525 3079; x_wconf 91' lang='lat' dir='ltr'>bene.</span> 
     </span>
    </p>

    <p class='ocr_par' dir='ltr' id='par_1_25' title="bbox 233 3103 2173 3352">
     <span class='ocr_line' id='line_1_34' title="bbox 236 3103 2068 3181; baseline 0 -19"><span class='ocrx_word' id='word_1_208' title='bbox 236 3104 381 3163; x_wconf 91' lang='lat' dir='ltr'>Tec.</span> <span class='ocrx_word' id='word_1_209' title='bbox 488 3105 844 3163; x_wconf 83' lang='lat' dir='ltr'>Eliminavit</span> <span class='ocrx_word' id='word_1_210' title='bbox 888 3106 942 3164; x_wconf 92' lang='lat' dir='ltr'>is</span> <span class='ocrx_word' id='word_1_211' title='bbox 989 3106 1254 3181; x_wconf 89' lang='lat' dir='ltr'>quidem,</span> <span class='ocrx_word' id='word_1_212' title='bbox 1301 3115 1369 3164; x_wconf 93' lang='lat' dir='ltr'>ut</span> <span class='ocrx_word' id='word_1_213' title='bbox 1409 3114 1705 3162; x_wconf 88' lang='lat' dir='ltr'>metuam:</span> <span class='ocrx_word' id='word_1_214' title='bbox 1748 3103 1892 3177; x_wconf 89' lang='lat' dir='ltr'>quid</span> <span class='ocrx_word' id='word_1_215' title='bbox 1934 3104 2068 3163; x_wconf 78' lang='lat' dir='ltr'>est?</span> 
     </span>
     <span class='ocr_line' id='line_1_35' title="bbox 233 3188 2173 3267; baseline -0.002 -20"><span class='ocrx_word' id='word_1_216' title='bbox 233 3188 433 3248; x_wconf 89' lang='lat' dir='ltr'>Nunc.</span> <span class='ocrx_word' id='word_1_217' title='bbox 485 3190 724 3248; x_wconf 90' lang='lat' dir='ltr'>Includi</span> <span class='ocrx_word' id='word_1_218' title='bbox 763 3198 972 3267; x_wconf 88' lang='lat' dir='ltr'>aperte</span> <span class='ocrx_word' id='word_1_219' title='bbox 1012 3192 1193 3250; x_wconf 88' lang='lat' dir='ltr'>iussit</span> <span class='ocrx_word' id='word_1_220' title='bbox 1232 3192 1403 3249; x_wconf 89' lang='lat' dir='ltr'>illum</span> <span class='ocrx_word' id='word_1_221' title='bbox 1446 3191 1605 3248; x_wconf 88' lang='lat' dir='ltr'>intra</span> <span class='ocrx_word' id='word_1_222' title='bbox 1648 3189 1857 3247; x_wconf 89' lang='lat' dir='ltr'>domus</span> <span class='ocrx_word' id='word_1_223' title='bbox 2069 3191 2173 3245; x_wconf 85' lang='grc'>795</span> 
     </span>
     <span class='ocr_line' id='line_1_36' title="bbox 235 3273 1547 3352; baseline -0.002 -18"><span class='ocrx_word' id='word_1_224' title='bbox 235 3273 548 3352; x_wconf 86' lang='lat' dir='ltr'>Consepta</span> <span class='ocrx_word' id='word_1_225' title='bbox 591 3275 846 3347; x_wconf 80' lang='lat' dir='ltr'>Teucer,</span> <span class='ocrx_word' id='word_1_226' title='bbox 888 3295 999 3334; x_wconf 91' lang='lat' dir='ltr'>nec</span> <span class='ocrx_word' id='word_1_227' title='bbox 1038 3277 1208 3335; x_wconf 86' lang='lat' dir='ltr'>foras</span> <span class='ocrx_word' id='word_1_228' title='bbox 1253 3278 1547 3336; x_wconf 89' lang='lat' dir='ltr'>amittere.</span> 
     </span>
    </p>

    <p class='ocr_par' dir='ltr' id='par_1_26' title="bbox 235 3359 2050 3518">
     <span class='ocr_line' id='line_1_37' title="bbox 237 3359 2050 3437; baseline 0.001 -20"><span class='ocrx_word' id='word_1_229' title='bbox 237 3360 382 3419; x_wconf 89' lang='lat' dir='ltr'>Tec.</span> <span class='ocrx_word' id='word_1_230' title='bbox 483 3361 604 3420; x_wconf 92' lang='lat' dir='ltr'>Ubi</span> <span class='ocrx_word' id='word_1_231' title='bbox 646 3361 783 3437; x_wconf 92' lang='lat' dir='ltr'>ipse</span> <span class='ocrx_word' id='word_1_232' title='bbox 830 3360 1107 3419; x_wconf 78' lang='lat' dir='ltr'>Teucer?</span> <span class='ocrx_word' id='word_1_233' title='bbox 1162 3381 1267 3420; x_wconf 90' lang='lat' dir='ltr'>cur</span> <span class='ocrx_word' id='word_1_234' title='bbox 1308 3362 1363 3421; x_wconf 91' lang='lat' dir='ltr'>is</span> <span class='ocrx_word' id='word_1_235' title='bbox 1407 3362 1558 3418; x_wconf 89' lang='lat' dir='ltr'>haec</span> <span class='ocrx_word' id='word_1_236' title='bbox 1592 3359 1747 3418; x_wconf 89' lang='lat' dir='ltr'>adeo</span> <span class='ocrx_word' id='word_1_237' title='bbox 1792 3360 2004 3419; x_wconf 80' lang='lat' dir='ltr'>iubet?</span> <span class='ocrx_word' id='word_1_238' title='bbox 2047 3409 2050 3410; x_wconf 14' lang='grc' dir='ltr'><em>ν</em></span> 
     </span>
     <span class='ocr_line' id='line_1_38' title="bbox 235 3444 1834 3518; baseline -0.001 -15"><span class='ocrx_word' id='word_1_239' title='bbox 235 3444 436 3505; x_wconf 85' lang='lat' dir='ltr'>Nunc.</span> <span class='ocrx_word' id='word_1_240' title='bbox 481 3445 614 3503; x_wconf 91' lang='lat' dir='ltr'>Iam</span> <span class='ocrx_word' id='word_1_241' title='bbox 657 3466 796 3518; x_wconf 61' lang='lat' dir='ltr'>mox</span> <span class='ocrx_word' id='word_1_242' title='bbox 838 3446 1058 3504; x_wconf 88' lang='lat' dir='ltr'>redibit</span> <span class='ocrx_word' id='word_1_243' title='bbox 1098 3447 1222 3505; x_wconf 86' lang='lat' dir='ltr'>ille.</span> <span class='ocrx_word' id='word_1_244' title='bbox 1260 3455 1562 3505; x_wconf 86' lang='lat' dir='ltr'>caeterum</span> <span class='ocrx_word' id='word_1_245' title='bbox 1609 3444 1834 3504; x_wconf 84' lang='lat' dir='ltr'>exitum</span> 
     </span>
    </p>

    <p class='ocr_par' dir='ltr' id='par_1_27' title="bbox 235 3529 1922 3607">
     <span class='ocr_line' id='line_1_39' title="bbox 235 3529 1922 3607; baseline -0.001 -19"><span class='ocrx_word' id='word_1_246' title='bbox 235 3529 517 3590; x_wconf 88' lang='lat' dir='ltr'>Hominis</span> <span class='ocrx_word' id='word_1_247' title='bbox 557 3531 634 3588; x_wconf 89' lang='lat' dir='ltr'>ad</span> <span class='ocrx_word' id='word_1_248' title='bbox 674 3532 914 3607; x_wconf 86' lang='lat' dir='ltr'>aliquod</span> <span class='ocrx_word' id='word_1_249' title='bbox 951 3531 1198 3591; x_wconf 84' lang='lat' dir='ltr'>tendere</span> <span class='ocrx_word' id='word_1_250' title='bbox 1244 3533 1494 3592; x_wconf 85' lang='lat' dir='ltr'>exitium</span> <span class='ocrx_word' id='word_1_251' title='bbox 1539 3539 1825 3590; x_wconf 83' lang='lat' dir='ltr'>autumat.</span> <span class='ocrx_word' id='word_1_252' title='bbox 1919 3558 1922 3562; x_wconf 53' lang='lat'>2</span> 
     </span>
    </p>
   </div>
  </div>
 </body>
</html>
