<?xml version="1.0" encoding="UTF-8"?>
<!DOCTYPE html PUBLIC "-//W3C//DTD XHTML 1.0 Transitional//EN"
    "http://www.w3.org/TR/xhtml1/DTD/xhtml1-transitional.dtd">
<html xmlns="http://www.w3.org/1999/xhtml" xml:lang="en" lang="en">
 <head>
  <title>
</title>
<meta http-equiv="Content-Type" content="text/html;charset=utf-8" />
  <meta name='ocr-system' content='tesseract 3.04.00' />
  <meta name='ocr-capabilities' content='ocr_page ocr_carea ocr_par ocr_line ocrx_word'/>
</head>
<body>
  <div class='ocr_page' id='page_1' title='image "./iosephiscaliger02scalgoog/iosephiscaliger02scalgoog_0383.png"; bbox 0 0 2452 4186; ppageno 0'>
   <div class='ocr_carea' id='block_1_1' title="bbox 1106 307 1234 367">
    <p class='ocr_par' dir='ltr' id='par_1_1' title="bbox 1106 307 1234 367">
     <span class='ocr_line' id='line_1_1' title="bbox 1106 307 1234 367; baseline 0.008 -1"><span class='ocrx_word' id='word_1_1' title='bbox 1106 307 1234 367; x_wconf 75' lang='lat'><strong>373</strong></span> 
     </span>
    </p>
   </div>
   <div class='ocr_carea' id='block_1_2' title="bbox 1017 393 1321 401">
    <p class='ocr_par' dir='ltr' id='par_1_2' title="bbox 1017 393 1321 401">
     <span class='ocr_line' id='line_1_2' title="bbox 1017 393 1321 401; baseline 0 3785"><span class='ocrx_word' id='word_1_2' title='bbox 1017 393 1321 401; x_wconf 95' lang='lat' dir='ltr'><strong> </strong></span> 
     </span>
    </p>
   </div>
   <div class='ocr_carea' id='block_1_3' title="bbox 190 475 2089 3616">
    <p class='ocr_par' dir='ltr' id='par_1_3' title="bbox 190 475 2089 3616">
     <span class='ocr_line' id='line_1_3' title="bbox 250 475 1800 553; baseline -0.002 -16"><span class='ocrx_word' id='word_1_3' title='bbox 250 479 557 537; x_wconf 84' lang='lat' dir='ltr'><strong>Immanes</strong></span> <span class='ocrx_word' id='word_1_4' title='bbox 597 477 845 553; x_wconf 86' lang='lat' dir='ltr'><strong>indepte</strong></span> <span class='ocrx_word' id='word_1_5' title='bbox 885 496 925 534; x_wconf 85' lang='lat' dir='ltr'><strong>a</strong></span> <span class='ocrx_word' id='word_1_6' title='bbox 961 476 1123 549; x_wconf 89' lang='lat' dir='ltr'><strong>Diis,</strong></span> <span class='ocrx_word' id='word_1_7' title='bbox 1167 475 1554 537; x_wconf 86' lang='lat' dir='ltr'><strong>Salisubsule</strong></span> <span class='ocrx_word' id='word_1_8' title='bbox 1593 476 1800 551; x_wconf 86' lang='lat' dir='ltr'><strong>Liber,</strong></span> 
     </span>
     <span class='ocr_line' id='line_1_4' title="bbox 249 561 1717 639; baseline -0.002 -16"><span class='ocrx_word' id='word_1_9' title='bbox 249 565 502 623; x_wconf 82' lang='lat' dir='ltr'><strong>Mavors</strong></span> <span class='ocrx_word' id='word_1_10' title='bbox 541 561 866 634; x_wconf 88' lang='lat' dir='ltr'><strong>Nerienes‚</strong></span> <span class='ocrx_word' id='word_1_11' title='bbox 910 562 1172 621; x_wconf 86' lang='lat' dir='ltr'><strong>Volcani</strong></span> <span class='ocrx_word' id='word_1_12' title='bbox 1213 563 1454 639; x_wconf 84' lang='lat' dir='ltr'><strong>purima</strong></span> <span class='ocrx_word' id='word_1_13' title='bbox 1494 561 1717 620; x_wconf 75' lang='lat' dir='ltr'><strong>virtus:</strong></span> 
     </span>
     <span class='ocr_line' id='line_1_5' title="bbox 251 646 1766 724; baseline -0.003 -15"><span class='ocrx_word' id='word_1_14' title='bbox 251 650 333 709; x_wconf 80' lang='lat' dir='ltr'><strong>Et</strong></span> <span class='ocrx_word' id='word_1_15' title='bbox 368 646 507 705; x_wconf 89' lang='lat' dir='ltr'><strong>Dea</strong></span> <span class='ocrx_word' id='word_1_16' title='bbox 542 646 919 724; x_wconf 81' lang='lat' dir='ltr'><strong>Spumigena</strong></span> <span class='ocrx_word' id='word_1_17' title='bbox 954 667 1154 705; x_wconf 89' lang='lat' dir='ltr'><strong>rerum</strong></span> <span class='ocrx_word' id='word_1_18' title='bbox 1192 647 1427 705; x_wconf 88' lang='lat' dir='ltr'><strong>infinita</strong></span> <span class='ocrx_word' id='word_1_19' title='bbox 1470 647 1766 721; x_wconf 82' lang='lat' dir='ltr'><strong>potestas.</strong></span> 
     </span>
     <span class='ocr_line' id='line_1_6' title="bbox 190 730 2082 808; baseline -0.001 -16"><span class='ocrx_word' id='word_1_20' title='bbox 190 771 193 772; x_wconf 27' lang='grc' dir='ltr'><em>ν</em></span> <span class='ocrx_word' id='word_1_21' title='bbox 254 735 335 792; x_wconf 89' lang='lat' dir='ltr'><strong>Et</strong></span> <span class='ocrx_word' id='word_1_22' title='bbox 378 741 441 790; x_wconf 88' lang='lat' dir='ltr'><strong>tu</strong></span> <span class='ocrx_word' id='word_1_23' title='bbox 489 733 672 790; x_wconf 86' lang='lat' dir='ltr'><strong>etiam</strong></span> <span class='ocrx_word' id='word_1_24' title='bbox 694 732 1096 808; x_wconf 87' lang='lat' dir='ltr'><strong>omnipotens,</strong></span> <span class='ocrx_word' id='word_1_25' title='bbox 1137 733 1278 792; x_wconf 85' lang='lat' dir='ltr'><strong>Rex</strong></span> <span class='ocrx_word' id='word_1_26' title='bbox 1297 732 1561 791; x_wconf 79' lang='lat' dir='ltr'><strong>maxime</strong></span> <span class='ocrx_word' id='word_1_27' title='bbox 1584 730 2082 791; x_wconf 83' lang='lat' dir='ltr'><strong>Summanorum:</strong></span> 
     </span>
     <span class='ocr_line' id='line_1_7' title="bbox 252 816 1928 895; baseline -0.001 -18"><span class='ocrx_word' id='word_1_28' title='bbox 252 818 418 877; x_wconf 90' lang='lat' dir='ltr'><strong>Diva</strong></span> <span class='ocrx_word' id='word_1_29' title='bbox 459 818 736 889; x_wconf 89' lang='lat' dir='ltr'><strong>Iuventa,</strong></span> <span class='ocrx_word' id='word_1_30' title='bbox 786 817 1089 890; x_wconf 89' lang='lat' dir='ltr'><strong>Parunda,</strong></span> <span class='ocrx_word' id='word_1_31' title='bbox 1129 818 1379 877; x_wconf 87' lang='lat' dir='ltr'><strong>neronis</strong></span> <span class='ocrx_word' id='word_1_32' title='bbox 1423 816 1675 875; x_wconf 89' lang='lat' dir='ltr'><strong>numina</strong></span> <span class='ocrx_word' id='word_1_33' title='bbox 1718 816 1928 895; x_wconf 82' lang='lat' dir='ltr'><strong>Sangi,</strong></span> 
     </span>
     <span class='ocr_line' id='line_1_8' title="bbox 253 902 1870 981; baseline 0 -20"><span class='ocrx_word' id='word_1_34' title='bbox 253 902 560 962; x_wconf 75' lang='lat' dir='ltr'><strong>Iustitiam</strong></span> <span class='ocrx_word' id='word_1_35' title='bbox 601 910 936 979; x_wconf 84' lang='lat' dir='ltr'><strong>augustam,</strong></span> <span class='ocrx_word' id='word_1_36' title='bbox 974 911 1153 978; x_wconf 87' lang='lat' dir='ltr'><strong>atque</strong></span> <span class='ocrx_word' id='word_1_37' title='bbox 1194 911 1514 981; x_wconf 84' lang='lat' dir='ltr'><strong>augustam</strong></span> <span class='ocrx_word' id='word_1_38' title='bbox 1551 902 1870 976; x_wconf 88' lang='lat' dir='ltr'><strong>Pietatem,</strong></span> 
     </span>
     <span class='ocr_line' id='line_1_9' title="bbox 256 987 1781 1064; baseline -0.002 -16"><span class='ocrx_word' id='word_1_39' title='bbox 256 989 575 1061; x_wconf 89' lang='lat' dir='ltr'><strong>Obtestor,</strong></span> <span class='ocrx_word' id='word_1_40' title='bbox 621 1006 930 1064; x_wconf 89' lang='lat' dir='ltr'><strong>pusasque</strong></span> <span class='ocrx_word' id='word_1_41' title='bbox 968 988 1130 1047; x_wconf 81' lang='lat' dir='ltr'><strong>viras</strong></span> <span class='ocrx_word' id='word_1_42' title='bbox 1172 996 1233 1046; x_wconf 88' lang='lat' dir='ltr'><strong>et</strong></span> <span class='ocrx_word' id='word_1_43' title='bbox 1273 987 1524 1046; x_wconf 91' lang='lat' dir='ltr'><strong>numina</strong></span> <span class='ocrx_word' id='word_1_44' title='bbox 1563 987 1781 1060; x_wconf 80' lang='lat' dir='ltr'>Fauni,</span> 
     </span>
     <span class='ocr_line' id='line_1_10' title="bbox 254 1068 1986 1150; baseline 0 -19"><span class='ocrx_word' id='word_1_45' title='bbox 254 1074 675 1147; x_wconf 85' lang='lat' dir='ltr'><strong>Iunonemque</strong></span> <span class='ocrx_word' id='word_1_46' title='bbox 721 1090 959 1138; x_wconf 81' lang='lat' dir='ltr'><strong>sacram</strong></span> <span class='ocrx_word' id='word_1_47' title='bbox 1004 1074 1175 1132; x_wconf 87' lang='lat' dir='ltr'><strong>Iovis</strong></span> <span class='ocrx_word' id='word_1_48' title='bbox 1221 1068 1641 1150; x_wconf 85' lang='lat' dir='ltr'><strong>omnipotenti&#39;</strong></span> <span class='ocrx_word' id='word_1_49' title='bbox 1685 1075 1986 1146; x_wconf 88' lang='lat' dir='ltr'><strong>maritam,</strong></span> 
     </span>
     <span class='ocr_line' id='line_1_11' title="bbox 254 1157 2083 1232; baseline 0.001 -16"><span class='ocrx_word' id='word_1_50' title='bbox 254 1158 794 1232; x_wconf 90' lang='lat' dir='ltr'><strong>Mammuriamque</strong></span> <span class='ocrx_word' id='word_1_51' title='bbox 816 1158 1038 1215; x_wconf 88' lang='lat' dir='ltr'><strong>almam</strong></span> <span class='ocrx_word' id='word_1_52' title='bbox 1060 1178 1188 1230; x_wconf 88' lang='lat' dir='ltr'><strong>oro,</strong></span> <span class='ocrx_word' id='word_1_53' title='bbox 1214 1157 1709 1232; x_wconf 85' lang='lat' dir='ltr'><strong>Novensilesque</strong></span> <span class='ocrx_word' id='word_1_54' title='bbox 1758 1157 2083 1231; x_wconf 75' lang='lat' dir='ltr'><strong>Camenae,</strong></span> 
     </span>
     <span class='ocr_line' id='line_1_12' title="bbox 256 1242 1945 1318; baseline 0 -17"><span class='ocrx_word' id='word_1_55' title='bbox 256 1242 759 1318; x_wconf 87' lang='lat' dir='ltr'><strong>Temperiasque,</strong></span> <span class='ocrx_word' id='word_1_56' title='bbox 802 1242 1312 1317; x_wconf 88' lang='lat' dir='ltr'><strong>Venustatesque,</strong></span> <span class='ocrx_word' id='word_1_57' title='bbox 1355 1243 1642 1318; x_wconf 86' lang='lat' dir='ltr'><strong>Annique</strong></span> <span class='ocrx_word' id='word_1_58' title='bbox 1678 1242 1945 1301; x_wconf 77' lang='lat' dir='ltr'><strong>laboreS.</strong></span> 
     </span>
     <span class='ocr_line' id='line_1_13' title="bbox 255 1327 2011 1401; baseline -0.001 -16"><span class='ocrx_word' id='word_1_59' title='bbox 255 1328 564 1385; x_wconf 79' lang='lat' dir='ltr'><strong>Latonam</strong></span> <span class='ocrx_word' id='word_1_60' title='bbox 613 1327 1015 1385; x_wconf 87' lang='lat' dir='ltr'><strong>cincinnatam</strong></span> <span class='ocrx_word' id='word_1_61' title='bbox 1063 1348 1196 1400; x_wconf 91' lang='lat' dir='ltr'><strong>oro,</strong></span> <span class='ocrx_word' id='word_1_62' title='bbox 1244 1333 1305 1385; x_wconf 79' lang='lat' dir='ltr'><strong>et</strong></span> <span class='ocrx_word' id='word_1_63' title='bbox 1349 1328 1632 1385; x_wconf 85' lang='lat' dir='ltr'><strong>Murtiam</strong></span> <span class='ocrx_word' id='word_1_64' title='bbox 1672 1346 2011 1401; x_wconf 82' lang='lat' dir='ltr'><strong>amoenam,</strong></span> 
     </span>
     <span class='ocr_line' id='line_1_14' title="bbox 254 1410 1892 1489; baseline -0.001 -17"><span class='ocrx_word' id='word_1_65' title='bbox 254 1414 604 1489; x_wconf 79' lang='lat' dir='ltr'><strong>Armigeros</strong></span> <span class='ocrx_word' id='word_1_66' title='bbox 652 1410 874 1484; x_wconf 89' lang='lat' dir='ltr'><strong>Salios,</strong></span> <span class='ocrx_word' id='word_1_67' title='bbox 921 1413 1334 1485; x_wconf 85' lang='lat' dir='ltr'><strong>Lucumones,</strong></span> <span class='ocrx_word' id='word_1_68' title='bbox 1379 1410 1892 1487; x_wconf 82' lang='lat' dir='ltr'><strong>Grunduliosque,</strong></span> 
     </span>
     <span class='ocr_line' id='line_1_15' title="bbox 254 1496 1975 1575; baseline 0 -19"><span class='ocrx_word' id='word_1_69' title='bbox 254 1501 456 1572; x_wconf 80' lang='lat' dir='ltr'><strong>Atque</strong></span> <span class='ocrx_word' id='word_1_70' title='bbox 501 1505 682 1574; x_wconf 86' lang='lat' dir='ltr'><strong>potes</strong></span> <span class='ocrx_word' id='word_1_71' title='bbox 727 1496 947 1570; x_wconf 77' lang='lat' dir='ltr'><strong>DivoS,</strong></span> <span class='ocrx_word' id='word_1_72' title='bbox 990 1498 1157 1557; x_wconf 83' lang='lat' dir='ltr'><strong>Iovis</strong></span> <span class='ocrx_word' id='word_1_73' title='bbox 1202 1497 1546 1555; x_wconf 86' lang='lat' dir='ltr'><strong>immortale</strong></span> <span class='ocrx_word' id='word_1_74' title='bbox 1589 1516 1975 1575; x_wconf 86' lang='lat' dir='ltr'><strong>propagmen.</strong></span> 
     </span>
     <span class='ocr_line' id='line_1_16' title="bbox 254 1580 1706 1660; baseline 0 -21"><span class='ocrx_word' id='word_1_75' title='bbox 254 1582 580 1657; x_wconf 90' lang='lat' dir='ltr'><strong>Idaiosque</strong></span> <span class='ocrx_word' id='word_1_76' title='bbox 629 1580 946 1656; x_wconf 80' lang='lat' dir='ltr'><strong>Camillos,</strong></span> <span class='ocrx_word' id='word_1_77' title='bbox 997 1592 1057 1641; x_wconf 87' lang='lat' dir='ltr'><strong>et</strong></span> <span class='ocrx_word' id='word_1_78' title='bbox 1097 1584 1397 1660; x_wconf 72' lang='lat' dir='ltr'><strong>sirempse</strong></span> <span class='ocrx_word' id='word_1_79' title='bbox 1439 1582 1706 1639; x_wconf 88' lang='lat' dir='ltr'><strong>Deorum</strong></span> 
     </span>
     <span class='ocr_line' id='line_1_17' title="bbox 242 1667 1877 1740; baseline -0.002 -13"><span class='ocrx_word' id='word_1_80' title='bbox 242 1667 620 1728; x_wconf 84' lang='lat' dir='ltr'><strong>-Mercurium</strong></span> <span class='ocrx_word' id='word_1_81' title='bbox 658 1685 1003 1740; x_wconf 88' lang='lat' dir='ltr'><strong>accensum,</strong></span> <span class='ocrx_word' id='word_1_82' title='bbox 1064 1676 1124 1724; x_wconf 89' lang='lat' dir='ltr'><strong>et</strong></span> <span class='ocrx_word' id='word_1_83' title='bbox 1165 1668 1373 1726; x_wconf 91' lang='lat' dir='ltr'><strong>Iuritis</strong></span> <span class='ocrx_word' id='word_1_84' title='bbox 1418 1667 1877 1740; x_wconf 88' lang='lat' dir='ltr'><strong>cortumionem,</strong></span> 
     </span>
     <span class='ocr_line' id='line_1_18' title="bbox 255 1752 1760 1826; baseline -0.001 -15"><span class='ocrx_word' id='word_1_85' title='bbox 255 1753 338 1811; x_wconf 86' lang='lat' dir='ltr'><strong>Et</strong></span> <span class='ocrx_word' id='word_1_86' title='bbox 380 1759 616 1810; x_wconf 86' lang='lat' dir='ltr'><strong>noctem</strong></span> <span class='ocrx_word' id='word_1_87' title='bbox 661 1753 882 1809; x_wconf 89' lang='lat' dir='ltr'><strong>Maiam</strong></span> <span class='ocrx_word' id='word_1_88' title='bbox 926 1755 1214 1825; x_wconf 85' lang='lat' dir='ltr'><strong>obtestor,</strong></span> <span class='ocrx_word' id='word_1_89' title='bbox 1255 1753 1571 1826; x_wconf 89' lang='lat' dir='ltr'><strong>lucemque</strong></span> <span class='ocrx_word' id='word_1_90' title='bbox 1611 1752 1760 1810; x_wconf 71' lang='lat' dir='ltr'><strong>dieix</strong></span> 
     </span>
     <span class='ocr_line' id='line_1_19' title="bbox 242 1836 1999 1910; baseline -0.001 -14"><span class='ocrx_word' id='word_1_91' title='bbox 242 1838 418 1896; x_wconf 88' lang='lat' dir='ltr'><strong>-Tum</strong></span> <span class='ocrx_word' id='word_1_92' title='bbox 462 1837 718 1910; x_wconf 86' lang='lat' dir='ltr'><strong>Fidiam,</strong></span> <span class='ocrx_word' id='word_1_93' title='bbox 773 1848 896 1895; x_wconf 90' lang='lat' dir='ltr'><strong>tum</strong></span> <span class='ocrx_word' id='word_1_94' title='bbox 939 1837 1058 1896; x_wconf 84' lang='lat' dir='ltr'><strong>Fas</strong></span> <span class='ocrx_word' id='word_1_95' title='bbox 1109 1846 1169 1895; x_wconf 86' lang='lat' dir='ltr'><strong>et</strong></span> <span class='ocrx_word' id='word_1_96' title='bbox 1209 1839 1454 1896; x_wconf 79' lang='lat' dir='ltr'><strong>Fastam</strong></span> <span class='ocrx_word' id='word_1_97' title='bbox 1498 1838 1630 1894; x_wconf 90' lang='lat' dir='ltr'><strong>iura</strong></span> <span class='ocrx_word' id='word_1_98' title='bbox 1674 1836 1999 1895; x_wconf 87' lang='lat' dir='ltr'><strong>datantem.</strong></span> 
     </span>
     <span class='ocr_line' id='line_1_20' title="bbox 257 1921 2084 2000; baseline -0.002 -18"><span class='ocrx_word' id='word_1_99' title='bbox 257 1921 704 1996; x_wconf 78' lang='lat' dir='ltr'><strong>Saturnumque</strong></span> <span class='ocrx_word' id='word_1_100' title='bbox 743 1930 803 1980; x_wconf 86' lang='lat' dir='ltr'><strong>et</strong></span> <span class='ocrx_word' id='word_1_101' title='bbox 844 1923 1077 1999; x_wconf 88' lang='lat' dir='ltr'><strong>Opem,</strong></span> <span class='ocrx_word' id='word_1_102' title='bbox 1121 1923 1402 2000; x_wconf 87' lang='lat' dir='ltr'><strong>pallaque</strong></span> <span class='ocrx_word' id='word_1_103' title='bbox 1441 1922 1743 1980; x_wconf 90' lang='lat' dir='ltr'><strong>Veniliam</strong></span> <span class='ocrx_word' id='word_1_104' title='bbox 1784 1922 2084 1993; x_wconf 79' lang='lat' dir='ltr'><strong>amictam,</strong></span> 
     </span>
     <span class='ocr_line' id='line_1_21' title="bbox 258 2007 1937 2086; baseline 0 -19"><span class='ocrx_word' id='word_1_105' title='bbox 258 2008 690 2081; x_wconf 83' lang='lat' dir='ltr'><strong>Oceanumque</strong></span> <span class='ocrx_word' id='word_1_106' title='bbox 732 2026 888 2066; x_wconf 84' lang='lat' dir='ltr'><strong>voco</strong></span> <span class='ocrx_word' id='word_1_107' title='bbox 937 2027 1244 2086; x_wconf 87' lang='lat' dir='ltr'><strong>magnum,</strong></span> <span class='ocrx_word' id='word_1_108' title='bbox 1291 2008 1645 2085; x_wconf 85' lang='lat' dir='ltr'><strong>Oceanique</strong></span> <span class='ocrx_word' id='word_1_109' title='bbox 1676 2007 1937 2083; x_wconf 78' lang='lat' dir='ltr'><strong>puellae,</strong></span> 
     </span>
     <span class='ocr_line' id='line_1_22' title="bbox 256 2092 1763 2167; baseline -0.001 -14"><span class='ocrx_word' id='word_1_110' title='bbox 256 2093 339 2153; x_wconf 81' lang='lat' dir='ltr'><strong>Et</strong></span> <span class='ocrx_word' id='word_1_111' title='bbox 376 2095 538 2152; x_wconf 82' lang='lat' dir='ltr'><strong>vires</strong></span> <span class='ocrx_word' id='word_1_112' title='bbox 573 2092 950 2167; x_wconf 88' lang='lat' dir='ltr'><strong>Telamonis,</strong></span> <span class='ocrx_word' id='word_1_113' title='bbox 991 2104 1051 2152; x_wconf 91' lang='lat' dir='ltr'><strong>et</strong></span> <span class='ocrx_word' id='word_1_114' title='bbox 1092 2096 1247 2154; x_wconf 89' lang='lat' dir='ltr'><strong>Aevi</strong></span> <span class='ocrx_word' id='word_1_115' title='bbox 1288 2095 1532 2153; x_wconf 88' lang='lat' dir='ltr'><strong>saecula</strong></span> <span class='ocrx_word' id='word_1_116' title='bbox 1572 2093 1763 2167; x_wconf 86' lang='lat' dir='ltr'><strong>fessa,</strong></span> 
     </span>
     <span class='ocr_line' id='line_1_23' title="bbox 258 2179 2084 2257; baseline 0.002 -21"><span class='ocrx_word' id='word_1_117' title='bbox 258 2179 653 2255; x_wconf 88' lang='lat' dir='ltr'><strong>Tempusque</strong></span> <span class='ocrx_word' id='word_1_118' title='bbox 678 2187 1201 2254; x_wconf 87' lang='lat' dir='ltr'><strong>aeternnm,atque</strong></span> <span class='ocrx_word' id='word_1_119' title='bbox 1225 2180 1471 2257; x_wconf 87' lang='lat' dir='ltr'><strong>paludis</strong></span> <span class='ocrx_word' id='word_1_120' title='bbox 1493 2180 1767 2256; x_wconf 80' lang='lat' dir='ltr'><strong>sagmina</strong></span> <span class='ocrx_word' id='word_1_121' title='bbox 1785 2183 2084 2239; x_wconf 84' lang='lat' dir='ltr'><strong>Avernae.</strong></span> 
     </span>
     <span class='ocr_line' id='line_1_24' title="bbox 257 2262 1962 2338; baseline 0 -16"><span class='ocrx_word' id='word_1_122' title='bbox 257 2263 749 2338; x_wconf 88' lang='lat' dir='ltr'><strong>Mulciberosque</strong></span> <span class='ocrx_word' id='word_1_123' title='bbox 788 2262 983 2338; x_wconf 86' lang='lat' dir='ltr'><strong>Deos,</strong></span> <span class='ocrx_word' id='word_1_124' title='bbox 1025 2264 1346 2338; x_wconf 89' lang='lat' dir='ltr'><strong>lumenque</strong></span> <span class='ocrx_word' id='word_1_125' title='bbox 1385 2265 1619 2322; x_wconf 87' lang='lat' dir='ltr'><strong>illustre</strong></span> <span class='ocrx_word' id='word_1_126' title='bbox 1663 2266 1962 2336; x_wconf 83' lang='lat' dir='ltr'><strong>Monetae,</strong></span> 
     </span>
     <span class='ocr_line' id='line_1_25' title="bbox 256 2347 2085 2422; baseline -0.001 -15"><span class='ocrx_word' id='word_1_127' title='bbox 256 2349 340 2407; x_wconf 89' lang='lat' dir='ltr'><strong>Et</strong></span> <span class='ocrx_word' id='word_1_128' title='bbox 365 2350 607 2406; x_wconf 90' lang='lat' dir='ltr'><strong>Manum</strong></span> <span class='ocrx_word' id='word_1_129' title='bbox 625 2348 906 2420; x_wconf 88' lang='lat' dir='ltr'><strong>Genium,</strong></span> <span class='ocrx_word' id='word_1_130' title='bbox 927 2356 1107 2422; x_wconf 89' lang='lat' dir='ltr'><strong>atque</strong></span> <span class='ocrx_word' id='word_1_131' title='bbox 1123 2349 1339 2405; x_wconf 90' lang='lat' dir='ltr'><strong>Inuum</strong></span> <span class='ocrx_word' id='word_1_132' title='bbox 1368 2347 1710 2406; x_wconf 88' lang='lat' dir='ltr'><strong>mortalium</strong></span> <span class='ocrx_word' id='word_1_133' title='bbox 1732 2347 2085 2422; x_wconf 87' lang='lat' dir='ltr'><strong>homonum,</strong></span> 
     </span>
     <span class='ocr_line' id='line_1_26' title="bbox 258 2433 2031 2510; baseline -0.001 -17"><span class='ocrx_word' id='word_1_134' title='bbox 258 2433 701 2508; x_wconf 86' lang='lat' dir='ltr'><strong>Coelestesque</strong></span> <span class='ocrx_word' id='word_1_135' title='bbox 746 2435 927 2492; x_wconf 86' lang='lat' dir='ltr'><strong>Ioves</strong></span> <span class='ocrx_word' id='word_1_136' title='bbox 970 2441 1152 2510; x_wconf 92' lang='lat' dir='ltr'><strong>atque</strong></span> <span class='ocrx_word' id='word_1_137' title='bbox 1196 2433 1448 2506; x_wconf 66' lang='lat' dir='ltr'><strong>Aerios,</strong></span> <span class='ocrx_word' id='word_1_138' title='bbox 1480 2441 1541 2490; x_wconf 92' lang='lat' dir='ltr'><strong>et</strong></span> <span class='ocrx_word' id='word_1_139' title='bbox 1586 2435 1921 2507; x_wconf 86' lang='lat' dir='ltr'><strong>Aqnantes,</strong></span> <span class='ocrx_word' id='word_1_140' title='bbox 2023 2453 2031 2460; x_wconf 93' lang='grc'>·</span> 
     </span>
     <span class='ocr_line' id='line_1_27' title="bbox 258 2516 1832 2594; baseline -0.001 -18"><span class='ocrx_word' id='word_1_141' title='bbox 258 2519 613 2578; x_wconf 86' lang='lat' dir='ltr'><strong>Terrestres</strong></span> <span class='ocrx_word' id='word_1_142' title='bbox 650 2519 852 2591; x_wconf 89' lang='lat' dir='ltr'><strong>etiam,</strong></span> <span class='ocrx_word' id='word_1_143' title='bbox 909 2527 970 2577; x_wconf 93' lang='lat' dir='ltr'><strong>et</strong></span> <span class='ocrx_word' id='word_1_144' title='bbox 1010 2516 1374 2578; x_wconf 88' lang='lat' dir='ltr'><strong>Summanos</strong></span> <span class='ocrx_word' id='word_1_145' title='bbox 1425 2517 1832 2594; x_wconf 86' lang='lat' dir='ltr'><strong>Igniviosque,</strong></span> 
     </span>
     <span class='ocr_line' id='line_1_28' title="bbox 258 2602 1880 2676; baseline -0.002 -14"><span class='ocrx_word' id='word_1_146' title='bbox 258 2604 343 2662; x_wconf 90' lang='lat' dir='ltr'><strong>Et</strong></span> <span class='ocrx_word' id='word_1_147' title='bbox 384 2602 709 2676; x_wconf 88' lang='lat' dir='ltr'><strong>Semelam,</strong></span> <span class='ocrx_word' id='word_1_148' title='bbox 757 2613 817 2661; x_wconf 85' lang='lat' dir='ltr'><strong>et</strong></span> <span class='ocrx_word' id='word_1_149' title='bbox 853 2604 1064 2662; x_wconf 91' lang='lat' dir='ltr'><strong>Brumi</strong></span> <span class='ocrx_word' id='word_1_150' title='bbox 1102 2605 1382 2661; x_wconf 83' lang='lat' dir='ltr'><strong>sanantes</strong></span> <span class='ocrx_word' id='word_1_151' title='bbox 1423 2604 1537 2661; x_wconf 86' lang='lat' dir='ltr'><strong>rite</strong></span> <span class='ocrx_word' id='word_1_152' title='bbox 1583 2604 1880 2660; x_wconf 87' lang='lat' dir='ltr'><strong>cohortes.</strong></span> 
     </span>
     <span class='ocr_line' id='line_1_29' title="bbox 258 2688 2047 2764; baseline -0.002 -17"><span class='ocrx_word' id='word_1_153' title='bbox 258 2690 554 2761; x_wconf 83' lang='lat' dir='ltr'><strong>Matutam</strong></span> <span class='ocrx_word' id='word_1_154' title='bbox 592 2690 969 2762; x_wconf 84' lang='lat' dir='ltr'><strong>Albumeam,</strong></span> <span class='ocrx_word' id='word_1_155' title='bbox 1006 2689 1519 2764; x_wconf 86' lang='lat' dir='ltr'><strong>Portumnumque</strong></span> <span class='ocrx_word' id='word_1_156' title='bbox 1557 2688 2047 2762; x_wconf 88' lang='lat' dir='ltr'><strong>omnipotentem.</strong></span> 
     </span>
     <span class='ocr_line' id='line_1_30' title="bbox 260 2772 2003 2847; baseline -0.002 -15"><span class='ocrx_word' id='word_1_157' title='bbox 260 2775 344 2832; x_wconf 81' lang='lat' dir='ltr'><strong>Et</strong></span> <span class='ocrx_word' id='word_1_158' title='bbox 386 2772 679 2833; x_wconf 86' lang='lat' dir='ltr'><strong>Graecam</strong></span> <span class='ocrx_word' id='word_1_159' title='bbox 718 2773 1055 2847; x_wconf 84' lang='lat' dir='ltr'><strong>Nemesim,</strong></span> <span class='ocrx_word' id='word_1_160' title='bbox 1104 2782 1165 2831; x_wconf 87' lang='lat' dir='ltr'><strong>et</strong></span> <span class='ocrx_word' id='word_1_161' title='bbox 1204 2793 1429 2832; x_wconf 89' lang='lat' dir='ltr'><strong>numen</strong></span> <span class='ocrx_word' id='word_1_162' title='bbox 1473 2773 1782 2832; x_wconf 88' lang='lat' dir='ltr'><strong>Victoriae</strong></span> <span class='ocrx_word' id='word_1_163' title='bbox 1831 2773 2003 2830; x_wconf 87' lang='lat' dir='ltr'><strong>Aiae.</strong></span> 
     </span>
     <span class='ocr_line' id='line_1_31' title="bbox 259 2857 2003 2934; baseline -0.002 -17"><span class='ocrx_word' id='word_1_164' title='bbox 259 2857 397 2917; x_wconf 85' lang='lat' dir='ltr'><strong>Nec</strong></span> <span class='ocrx_word' id='word_1_165' title='bbox 437 2878 556 2916; x_wconf 92' lang='lat' dir='ltr'><strong>non</strong></span> <span class='ocrx_word' id='word_1_166' title='bbox 601 2859 898 2934; x_wconf 87' lang='lat' dir='ltr'><strong>patrinum</strong></span> <span class='ocrx_word' id='word_1_167' title='bbox 938 2859 1267 2919; x_wconf 87' lang='lat' dir='ltr'><strong>coelestem</strong></span> <span class='ocrx_word' id='word_1_168' title='bbox 1304 2858 1688 2933; x_wconf 85' lang='lat' dir='ltr'><strong>Aesclapium</strong></span> <span class='ocrx_word' id='word_1_169' title='bbox 1730 2857 2003 2915; x_wconf 86' lang='lat' dir='ltr'><strong>amicum.</strong></span> 
     </span>
     <span class='ocr_line' id='line_1_32' title="bbox 261 2942 2050 3020; baseline -0.002 -18"><span class='ocrx_word' id='word_1_170' title='bbox 261 2944 343 3002; x_wconf 86' lang='lat' dir='ltr'><strong>Et</strong></span> <span class='ocrx_word' id='word_1_171' title='bbox 386 2945 857 3020; x_wconf 84' lang='lat' dir='ltr'><strong>perterricrepae</strong></span> <span class='ocrx_word' id='word_1_172' title='bbox 898 2964 1064 3002; x_wconf 89' lang='lat' dir='ltr'><strong>arma</strong></span> <span class='ocrx_word' id='word_1_173' title='bbox 1103 2945 1437 3017; x_wconf 86' lang='lat' dir='ltr'><strong>Minervae,</strong></span> <span class='ocrx_word' id='word_1_174' title='bbox 1483 2953 1544 3001; x_wconf 88' lang='lat' dir='ltr'><strong>et</strong></span> <span class='ocrx_word' id='word_1_175' title='bbox 1579 2943 1823 3001; x_wconf 87' lang='lat' dir='ltr'><strong>flamina</strong></span> <span class='ocrx_word' id='word_1_176' title='bbox 1855 2942 2050 3012; x_wconf 86' lang='lat' dir='ltr'><strong>bruta,</strong></span> 
     </span>
     <span class='ocr_line' id='line_1_33' title="bbox 260 3026 2048 3107; baseline -0.003 -19"><span class='ocrx_word' id='word_1_177' title='bbox 260 3028 664 3103; x_wconf 84' lang='lat' dir='ltr'><strong>Fulminaque</strong></span> <span class='ocrx_word' id='word_1_178' title='bbox 695 3038 871 3104; x_wconf 80' lang='lat' dir='ltr'><strong>atque</strong></span> <span class='ocrx_word' id='word_1_179' title='bbox 909 3038 1122 3107; x_wconf 86' lang='lat' dir='ltr'><strong>arguta</strong></span> <span class='ocrx_word' id='word_1_180' title='bbox 1144 3030 1360 3104; x_wconf 88' lang='lat' dir='ltr'><strong>quadri</strong></span> <span class='ocrx_word' id='word_1_181' title='bbox 1395 3028 1799 3086; x_wconf 89' lang='lat' dir='ltr'><strong>modulamina</strong></span> <span class='ocrx_word' id='word_1_182' title='bbox 1817 3026 2048 3098; x_wconf 84' lang='lat' dir='ltr'><strong>Mundi,</strong></span> 
     </span>
     <span class='ocr_line' id='line_1_34' title="bbox 261 3113 2024 3189; baseline -0.003 -16"><span class='ocrx_word' id='word_1_183' title='bbox 261 3114 584 3187; x_wconf 89' lang='lat' dir='ltr'><strong>Maesium,</strong></span> <span class='ocrx_word' id='word_1_184' title='bbox 636 3113 986 3187; x_wconf 86' lang='lat' dir='ltr'><strong>Casnarem,</strong></span> <span class='ocrx_word' id='word_1_185' title='bbox 1029 3114 1257 3172; x_wconf 75' lang='lat' dir='ltr'><strong>Divum</strong></span> <span class='ocrx_word' id='word_1_186' title='bbox 1301 3115 1658 3188; x_wconf 89' lang='lat' dir='ltr'><strong>Latiamque</strong></span> <span class='ocrx_word' id='word_1_187' title='bbox 1692 3119 2024 3189; x_wconf 87' lang='lat' dir='ltr'><strong>parentem,</strong></span> 
     </span>
     <span class='ocr_line' id='line_1_35' title="bbox 265 3197 2089 3276; baseline -0.001 -18"><span class='ocrx_word' id='word_1_188' title='bbox 265 3197 732 3276; x_wconf 82' lang='lat' dir='ltr'><strong>Caelestemque</strong></span> <span class='ocrx_word' id='word_1_189' title='bbox 745 3198 1126 3272; x_wconf 86' lang='lat' dir='ltr'><strong>Lubentiam,</strong></span> <span class='ocrx_word' id='word_1_190' title='bbox 1151 3208 1213 3257; x_wconf 86' lang='lat' dir='ltr'><strong>et</strong></span> <span class='ocrx_word' id='word_1_191' title='bbox 1236 3199 1562 3276; x_wconf 88' lang='lat' dir='ltr'><strong>indigetem</strong></span> <span class='ocrx_word' id='word_1_192' title='bbox 1576 3199 1773 3256; x_wconf 88' lang='lat' dir='ltr'><strong>Deum</strong></span> <span class='ocrx_word' id='word_1_193' title='bbox 1791 3197 2089 3257; x_wconf 89' lang='lat' dir='ltr'><strong>Adonem.</strong></span> 
     </span>
     <span class='ocr_line' id='line_1_36' title="bbox 263 3279 2047 3360; baseline 0 -18"><span class='ocrx_word' id='word_1_194' title='bbox 263 3284 644 3360; x_wconf 89' lang='lat' dir='ltr'><strong>Principium</strong></span> <span class='ocrx_word' id='word_1_195' title='bbox 677 3294 738 3342; x_wconf 87' lang='lat' dir='ltr'><strong>et</strong></span> <span class='ocrx_word' id='word_1_196' title='bbox 757 3286 962 3357; x_wconf 86' lang='lat' dir='ltr'><strong>finem,</strong></span> <span class='ocrx_word' id='word_1_197' title='bbox 990 3303 1249 3360; x_wconf 89' lang='lat' dir='ltr'><strong>namque</strong></span> <span class='ocrx_word' id='word_1_198' title='bbox 1277 3284 1382 3341; x_wconf 91' lang='lat' dir='ltr'><strong>ille</strong></span> <span class='ocrx_word' id='word_1_199' title='bbox 1414 3292 1508 3342; x_wconf 88' lang='lat' dir='ltr'><strong>est</strong></span> <span class='ocrx_word' id='word_1_200' title='bbox 1531 3279 1797 3341; x_wconf 89' lang='lat' dir='ltr'><strong>omnibu&#39;</strong></span> <span class='ocrx_word' id='word_1_201' title='bbox 1834 3290 2047 3342; x_wconf 86' lang='lat' dir='ltr'><strong>totum.</strong></span> 
     </span>
     <span class='ocr_line' id='line_1_37' title="bbox 350 3368 1937 3447; baseline 0.001 -20"><span class='ocrx_word' id='word_1_202' title='bbox 350 3369 491 3428; x_wconf 89' lang='lat' dir='ltr'><strong>Hos</strong></span> <span class='ocrx_word' id='word_1_203' title='bbox 532 3370 709 3428; x_wconf 88' lang='lat' dir='ltr'><strong>mites</strong></span> <span class='ocrx_word' id='word_1_204' title='bbox 753 3387 972 3447; x_wconf 89' lang='lat' dir='ltr'><strong>precor</strong></span> <span class='ocrx_word' id='word_1_205' title='bbox 1009 3369 1440 3429; x_wconf 84' lang='lat' dir='ltr'><strong>adventassere</strong></span> <span class='ocrx_word' id='word_1_206' title='bbox 1488 3369 1733 3426; x_wconf 87' lang='lat' dir='ltr'><strong>numine</strong></span> <span class='ocrx_word' id='word_1_207' title='bbox 1773 3368 1937 3428; x_wconf 83' lang='lat' dir='ltr'><strong>laeto</strong></span> 
     </span>
     <span class='ocr_line' id='line_1_38' title="bbox 264 3452 1732 3528; baseline -0.003 -13"><span class='ocrx_word' id='word_1_208' title='bbox 264 3454 365 3515; x_wconf 90' lang='lat' dir='ltr'><strong>Ad</strong></span> <span class='ocrx_word' id='word_1_209' title='bbox 408 3473 542 3511; x_wconf 90' lang='lat' dir='ltr'><strong>mea</strong></span> <span class='ocrx_word' id='word_1_210' title='bbox 583 3456 845 3528; x_wconf 85' lang='lat' dir='ltr'><strong>Februa,</strong></span> <span class='ocrx_word' id='word_1_211' title='bbox 884 3464 946 3512; x_wconf 89' lang='lat' dir='ltr'><strong>et</strong></span> <span class='ocrx_word' id='word_1_212' title='bbox 979 3454 1181 3512; x_wconf 84' lang='lat' dir='ltr'><strong>inferii</strong></span> <span class='ocrx_word' id='word_1_213' title='bbox 1221 3452 1511 3513; x_wconf 87' lang='lat' dir='ltr'><strong>libamina</strong></span> <span class='ocrx_word' id='word_1_214' title='bbox 1556 3453 1732 3511; x_wconf 85' lang='lat' dir='ltr'><strong>sacri.</strong></span> 
     </span>
     <span class='ocr_line' id='line_1_39' title="bbox 354 3538 1850 3616; baseline -0.003 -17"><span class='ocrx_word' id='word_1_215' title='bbox 354 3540 646 3599; x_wconf 86' lang='lat' dir='ltr'><strong>Obtestor</strong></span> <span class='ocrx_word' id='word_1_216' title='bbox 686 3540 955 3600; x_wconf 85' lang='lat' dir='ltr'><strong>Triviam</strong></span> <span class='ocrx_word' id='word_1_217' title='bbox 996 3539 1291 3598; x_wconf 88' lang='lat' dir='ltr'><strong>Deianam</strong></span> <span class='ocrx_word' id='word_1_218' title='bbox 1341 3538 1850 3616; x_wconf 75' lang='lat' dir='ltr'><strong>caeligenamqus</strong></span> 
     </span>
    </p>
   </div>
  </div>
 </body>
</html>
