2452 4186
1122 288 1244 378 1'53

260 479 561 550 Ἐπακτὸς
602 480 803 566 ὅρκος.
836 479 1124 565 εΑρπαγὴ
1165 480 1242 545 τὰ
1287 477 1614 567 Κιννάρου.

260 564 708 649 Ἐπιμενίδειον
755 565 973 650 δέρμα.
1016 564 1063 629 Γ
1066 571 1113 649 ῇ
1153 565 1393 651 κρύψας
1440 563 1475 629 ἔ
1519 589 1624 634 εις.

262 649 670 735 Ἐρασινάδου
723 650 1070 735 στρατηγία.
1103 646 1321 732 Ῥῆσις
1361 649 1486 713 Σκυ
1534 656 1642 714 ῶν.

263 733 648 820 Ἐρεβίνθιος
683 734 1000 803 Διόνυσος.
1038 734 1367 819 Ἀνεμώνῃ
1419 733 1625 820 ῥόδον.

262 817 630 905 Ἐρετριέων
666 816 821 882 Ῥῶ.
867 816 1182 903 Κύπριδος
1223 820 1439 882 κεστὸν
1488 818 1716 904 φέρεις.

258 901 496 990 Ἑρμῆς
538 904 1040 988 ἐπεισελήλυθεν.
1094 905 1310 967 Φάνου
1351 903 1537 988 θύρα.

264 987 528 1054 Εῦδοντι
574 989 627 1052 δ’
675 988 834 1073 αἴρει
875 988 1111 1074 κύρτος.
1144 987 1356 1059 Ἄξιον
1393 987 1622 1074 τριχός.

265 1071 536 1159 Εὕρημα
573 1071 1036 1158 Παλαμήδειον.
1075 1073 1235 1137 Ἀπὸ
1281 1075 1555 1156 γλώττης
1598 1075 1795 1158 φίλος.

242 1155 555 1242 Εὔριπος.
583 1152 795 1242 Ὕδωρ
842 1159 1156 1243 βατράχω,
1206 1160 1375 1242 γαλῇ
1426 1157 1631 1242 στέαρ.

255 1240 338 1307 ‘H
385 1242 481 1312 αἲξ
528 1243 595 1305 τὸ
637 1243 1051 1326 κιννάμωμον.
1086 1220 1313 1311 ’.Αννος
1355 1242 1661 1326 κρίβανον.

269 1326 601 1390 Θάλασσαν
644 1327 900 1396 ἀντλεῖς.
946 1323 1271 1409 Ἐγκεῶτις
1310 1326 1536 1410 ἡμέρα.

270 1409 624 1494 Θεαγένους
653 1408 995 1476 Ἑκάτειον.
1050 1407 1184 1474 Ἐπὶ
1228 1415 1402 1495 φακῇ
1445 1411 1658 1495 μύρον.

267 1495 506 1578 Θήλεια
545 1496 752 1567 τέττιξ.
814 1493 938 1579 Τὴν
976 1496 1155 1558 πόλιν
1198 1500 1399 1564 ποιεῖς
1439 1494 1647 1580 ἀγρόν.

267 1578 714 1666 Θρασύβουλος
753 1580 978 1666 ἀχράδ’
1078 1579 1267 1643 σθιεν.
1312 1578 1575 1644 Μενετοὶ
1618 1579 1777 1644 θεοί.

257 1663 551 1747 Ἰαλέμου
598 1665 996 1750 ψυχρότερος.
1037 1664 1047 1684 ‘
1088 1667 1392 1751 ππάρχων
1435 1665 1631 1735 πίναξ.

256 1747 432 1833 Ἱμὰς
474 1749 734 1818 κύνειος.
776 1748 1117 1835 Ἡμέτερος
1159 1751 1192 1814 ὁ
1242 1754 1586 1834 πυραμοῦς.

247 1829 469 1902 Ἵππος
506 1835 812 1918 χελώνην.
859 1834 1040 1898 Θεῖον
1087 1834 1334 1919 ἐξαιροῦ
1377 1833 1582 1917 λόγον.

261 1916 591 2001 Κάθαμμα
637 1918 825 1982 λύειν.
861 1916 1180 2005 Ἐγχέλεις
1220 1921 1602 2003 θηρώμενοι.

260 2001 492 2068 Κακῶν
531 2002 842 2067 θάλασσα.
891 2002 1128 2088 Τράγον
1172 2004 1483 2088 ἀμέλγειν.
1536 2001 1718 2108 Παρὰ
1759 2004 1966 2088 μέλος.

262 2086 445 2154 Κατὰ
481 2089 634 2171 μυὸς
675 2087 958 2174 ὄλεθρον.
996 2089 1156 2153 Ἀπὸ
1202 2088 1488 2159 δὶςὲπτὰ
1528 2111 1601 2152 κυ
1654 2112 1839 2153 ατων.

261 2171 444 2237 Κατὰ
486 2173 632 2256 ῥοῦν
671 2179 1011 2259 προχωρεῖ.
1056 2171 1180 2238 T÷v
1220 2198 1306 2259 χα
1349 2176 1541 2258 άδραν
1638 2173 1793 2257 ἷνόη.

262 2255 446 2321 Κατὰ
492 2262 696 2342 πῆχυν
741 2258 1080 2323 ἐπιδίδωσι.
1127 2216 1248 2324 ’Τὸν
1294 2198 1549 2346 ἕάβυος
1590 2260 1804 2342 χορόν.

264 2339 502 2424 Κέλμις
543 2343 814 2427 σίδηρον.
862 2343 1027 2407 Ἀντὶ
1068 2346 1357 2427 σώματος
1404 2342 1560 2406 σκιὰ.

263 2423 547 2510 Κέπφος.
598 2427 931 2512 Φαλακρὸς
964 2426 1295 2497 Μυκόνιος.
1339 2426 1739 2510 Σκιαμαχεῖν.

264 2508 543 2592 Κίγκλοι.
587 2508 939 2581 Καθεύδεις
963 2512 1136 2579 ἅλας
1181 2511 1371 2594 ἄγων.
1405 2508 1594 2574 Ὀνου
1632 2510 1883 2582 πόκους.

264 2593 545 2662 Κιλίκιος
584 2594 863 2679 ὄλεθρος.
896 2591 1137 2680 Ὥσπερ
1186 2597 1250 2658 ἐν
1295 2596 1680 2664 Φειδειτίοις.

265 2677 608 2763 Κόθορνος.
642 2677 806 2751 Ἔξω
852 2686 973 2744 τῶν
1022 2682 1248 2745 ἐλαιῶν
1298 2679 1556 2766 ἐκφέρῃ.

266 2761 555 2832 Κολοιὸς.
579 2765 951 2834 Αἰσώπειος.
990 2762 1259 2852 Ἔσχατ’
1308 2766 1608 2850 ἐσχάτων.

265 2845 716 2933 Κορινθιάζειν.
764 2846 850 2913 Τὸ
903 2849 1168 2933 μέγεθος
1205 2852 1587 2918 κολοσσικὸς.

266 2924 477 3018 Κόραξ
516 2933 780 3017 ύδρεύει.
827 2932 1030 2998 Πάνθ’
1074 2935 1190 2999 ὑπὸ
1236 2935 1523 3000 Μύκονον
1570 2935 1730 3017 μίαν.

263 3014 520 3103 Κράδης
559 3018 863 3103 ῥαγείσης.
906 3014 1106 3083 Οὐδὲν
1155 3019 1218 3088 ἐξ
1266 3022 1344 3104 ἀγ
1385 3025 1459 3084 οῦ
1508 3019 1726 3102 λέγεις.

264 3099 576 3187 Κρείττων
627 3102 1126 3187 ἐπεισελήλυθεν.
1167 3101 1263 3168 Τὰ
1364 3105 1651 3168 αννάκου.

264 3183 510 3272 Κρῆναι
553 3190 845 3252 λαλοῦσιν
891 3187 1184 3272 ἀργύρου.
1228 3187 1707 3274 Σοροδαίμονες.

266 3267 460 3356 Κριὸς
502 3273 739 3357 τροφεῖ
785 3272 1096 3338 ἀπέδωκε.
1154 3270 1385 3337 Μοῦσα
1430 3272 1699 3357 Δωρική.

266 3351 580 3441 Κροκίδας
623 3358 931 3443 ἀφαιρεῖν.
976 3354 1106 3442 Ζῇν
1154 3359 1502 3442 χαραδριοῦ
1545 3357 1696 3441 βίον.

266 3436 519 3526 Κρόκης
558 3442 880 3550 λαβέσθαι.
925 3439 1381 3527 Ποικιλώτερος
1422 3443 1573 3504 ταώ.

269 3521 571 3590 Κύκνειον
613 3550 802 3612 ᾳσμα.
859 3524 967 3611 Τῷ
1011 3526 1168 3612 θρίῳ
1208 3528 1321 3609 τὴν
1376 3524 1656 3611 ἔγχελυν.
