2452 4186
1244 287 1367 347 374
1422 339 1427 345 .

393 456 819 535 Terrigenamz
861 457 1160 533 sirempse
1186 475 1365 530 voco,
1396 475 1872 533 aequoreamque
1901 456 2229 532 Paludem,

390 543 471 603 Et
513 542 867 604 vitulantem
903 542 1064 601 inter
1103 541 1314 621 nigros
1358 543 1655 601 Lemures
1695 541 2049 615 Libitinam,

392 626 562 700 Quae
601 627 742 686 loca
782 634 957 688 vasta
998 628 1165 699 colit,
1223 646 1538 687 cervorum
1582 646 1856 704 sanguen
1896 627 2187 701 adulans,

391 712 793 788 Omnipotens
834 712 1070 790 regina,
1110 710 1395 786 Canaria,
1437 711 1676 772 Noctua
1719 713 1912 789 vitg0,

390 795 651 870 Carnea,
696 798 976 874 perpetui
996 799 1226 866 ,mundi
1274 798 1535 874 Bupetia
1577 804 1808 870 sancta,

387 881 560 955 Dux,
603 882 754 956 vira,
796 882 1041 954 Rumia,
1086 882 1252 942 Diva
1288 902 1518 961 vagans
1562 901 1671 958 per
1715 900 1971 958 scrupea
2009 899 2198 954 saxa,

389 968 557 1026 Mitis
603 968 691 1025 uti
736 967 966 1026 nostris
1010 969 1255 1027 intersit
1298 967 1556 1026 candida
1601 967 1785 1040 votis,

389 1050 661 1111 Numina
696 1052 1007 1129 praesenti
1049 1060 1297 1130 gratans
1340 1055 1506 1112 bona
1545 1053 1751 1110 fausta
1790 1051 2070 1110 bubulco.

759 1220 991 1299 Orphei
1030 1220 1526 1301 indigitamenta
1566 1222 1854 1284 Deorum.

395 1309 419 1362 1
645 1307 892 1365 Car-niae
927 1306 1295 1366 Limentinae
1338 1309 1646 1378 For-culae,
1691 1317 1991 1366 sturacem.

388 1390 577 1459 Adsis
625 1411 662 1451 o
703 1390 1049 1451 veneranda
1092 1394 1311 1463 Deum,
1349 1393 1612 1451 Maiesta
1655 1389 1936 1464 Camilla,

387 1476 715 1535 Poetarum
757 1477 1018 1549 tutilina,
1066 1486 1126 1536 et
1167 1478 1405 1536 Lucina
1449 1478 1784 1536 dolentum:

391 1559 645 1638 Sospita
688 1562 971 1621 foeminei
1017 1565 1171 1636 sexi,
1220 1564 1501 1623 studiosa
1541 1562 1852 1639 propagiS,

385 1644 765 1720 Nummeria‚
811 1656 990 1722 atque
1033 1649 1210 1708 novis
1249 1649 1453 1726 nuptis
1491 1647 1631 1706 Dea
1657 1646 1921 1706 Forcula
1941 1663 2227 1722 praeses.

390 1728 649 1806 Carnea,
692 1732 1029 1809 perfacilis,
1063 1734 1381 1807 Picumna,
1434 1733 1648 1791 eadem
1687 1732 1949 1789 omnibu’
1993 1731 2185 1790 mitis.

390 1814 562 1888 Quae
609 1825 961 1876 cunctorum
985 1818 1225 1877 habitas
1253 1820 1460 1892 aedes,
1488 1818 1821 1894 epulasque
1839 1816 2223 1892 frequentas.

389 1899 611 1960 Cinxia
654 1911 714 1959 et
753 1903 976 1974 invisa,
1018 1912 1115 1963 ast
1154 1904 1332 1963 factis
1374 1904 1584 1961 eadem
1623 1897 1886 1960 omnibu’
1933 1920 2181 1976 parens.

387 1985 636 2043 Partum
657 2005 900 2063 aegrum
923 1987 1247 2061 miserans,
1272 2008 1521 2046 numero
1547 1982 1881 2063 parentibu'
1914 1986 2193 2063 gaudens
2208 2008 2226 2045 t

386 2069 511 2128 Dia
557 2071 852 2147 parunda,
899 2071 1074 2132 luens
1120 2081 1420 2131 uterorum
1468 2072 1804 2151 aegerrima
1846 2071 2136 2132 claustra.

388 2156 481 2214 Te
515 2155 720 2214 foetae
767 2157 1051 2230 vocitant,
1098 2159 1378 2217 solamen
1418 2159 1593 2217 dulce
1631 2159 1938 2216 laborum:

386 2238 548 2299 Nam
597 2250 663 2299 tu
702 2241 1174 2318 foetiparentum
1222 2252 1531 2303 uterorum
1574 2244 1837 2301 claustra
1871 2243 2179 2319 resignas.

390 2326 446 2385 O
491 2326 764 2385 Partuna
802 2326 1029 2401 Diana,
1072 2329 1355 2402 Palatua,
1393 2329 1761 2387 Limentina.

387 2410 615 2470 Suffice
654 2412 893 2488 prolem
935 2414 1179 2488 almam,
1224 2415 1400 2473 titula
1438 2415 1689 2473 adstans
1727 2411 2192 2490 parturientum.

385 2497 466 2553 Et
507 2514 706 2570 serva,
756 2498 1025 2556 omnium
1069 2500 1158 2556 uti
1195 2500 1348 2558 cluis
1397 2517 1637 2575 semper
1680 2498 1917 2574 sospita
1960 2497 2137 2557 Iun0.

387 2664 426 2721 2
915 2668 1126 2725 Noctis
1163 2668 1447 2743 suffimen,
1499 2678 1696 2726 torres.
1754 2686 1759 2693 ·

385 2748 539 2806 Tete
577 2747 738 2806 Diva
770 2768 917 2808 voco
953 2752 1341 2828 omniparens
1372 2753 1715 2827 Divumque
1744 2751 2192 2825 hominumque.

381 2832 757 2909 Principium
784 2843 879 2895 est
899 2834 1049 2895 Nox
1073 2838 1360 2909 omnium,
1405 2846 1464 2895 et
1494 2846 1589 2896 est
1610 2836 1752 2896 Nox
1771 2836 1996 2894 Murtia
2017 2836 2214 2897 nobis.

382 2917 544 2979 Audi
581 2918 746 2977 Diva
785 2939 1033 2997 parens,
1089 2922 1386 3000 caligans,
1439 2922 1783 2981 sideriluca.

387 3003 562 3080 Quae
603 3004 745 3062 loca
780 3006 955 3083 pigra
996 3006 1164 3081 colis,
1208 3027 1535 3083 somnoque
1575 3005 1905 3067 habitanda
1942 3004 2172 3065 silenti.

381 3088 675 3162 Iucunda,
718 3097 777 3155 et
812 3109 1067 3164 pernox,
1116 3093 1523 3170 epulonaque,
1568 3093 1809 3152 somnia
1845 3091 2111 3169 gignens

382 3172 693 3252 Gurifuga,
741 3183 923 3252 atque
964 3178 1232 3253 optanda
1269 3178 1443 3253 quies
1485 3177 1906 3255 placidissima
1946 3195 2172 3234 rerum.

383 3257 741 3334 Somnidua,
784 3262 1052 3321 omnium
1073 3317 1077 3321 ,
1097 3264 1315 3337 amica,
1352 3272 1414 3321 et
1447 3264 1697 3340 equiria,
1739 3262 2212 3337 nocticrepusca.

380 3343 766 3418 Imperfecta,
815 3348 1026 3407 eadem
1069 3348 1399 3421 terrestris,
1443 3350 1669 3407 coelica
1710 3365 1953 3406 rursus:

380 3428 670 3501 Vortens,
709 3433 1066 3493 omnimodis
1105 3433 1245 3492 Dea
1284 3434 1664 3493 Mostellaria
1703 3433 1922 3490 ludens

301 3570 307 3581 x
383 3512 558 3588 Quae
600 3514 805 3583 lucem¹
839 3516 1012 3599 legas
1060 3520 1173 3580 sub
1220 3520 1501 3592 Tartara,
1538 3537 1748 3577 rursus
1794 3517 1888 3579 ad,
1918 3516 2146 3576 orcum
