2452 4186
1042 297 1163 356 387

201 462 504 521 Transtris
552 462 880 536 loquentis,
920 476 980 523 et
1022 467 1256 542 peritae
1301 485 1558 525 currere.

200 552 274 607 At
312 566 527 606 rursus
573 555 744 604 antro
788 549 891 623 qui
936 551 1241 627 revulsi[t]
1287 551 1569 624 mulleos,

199 637 516 691 Amentum
555 640 614 689 et
651 632 840 704 ensis,
886 636 1215 708 baltheum,
1259 645 1434 710 atque
1477 657 1685 696 ensem
1724 639 1937 714 patris,

201 716 306 776 Cui
348 716 576 793 Scyrus
619 716 765 774 olim
807 717 1153 779 lacrumosa
1190 722 1406 778 funera

198 802 555 878 Praecipitis
594 801 755 859 infra
800 805 1113 863 stridulum
1159 807 1485 864 umbonem
1530 807 1656 885 iugi
2022 809 2155 864 1325

202 887 402 948 Saltus
444 885 681 962 parabit
724 887 1082 964 insepultos,
1126 890 1481 967 Phemipor,

200 975 430 1049 Mystae
473 990 672 1030 comes
719 971 934 1046 leonis,
985 976 1250 1034 hosticae
1298 977 1446 1033 deae

203 1058 316 1133 Qui
361 1056 572 1115 mulsit
611 1057 761 1113 uber
797 1057 1054 1117 lacteum
1090 1061 1421 1132 Feretriae,

198 1144 314 1201 Fur
354 1141 586 1201 balthei
630 1141 797 1198 litem
844 1144 1130 1201 excitavit
1173 1146 1498 1221 duplicem,

202 1227 449 1287 Cestum
482 1225 807 1298 revellens,
853 1236 912 1285 et
951 1229 1385 1305 Themiscyrae
1431 1232 1717 1288 inclutam
2026 1238 2160 1292 1330

200 1317 354 1371 Arcu
398 1319 712 1388 putentem
752 1313 1091 1371 Porrimam
1141 1314 1333 1372 civem
1374 1317 1674 1374 auferens.

203 1397 384 1457 Cuius
434 1415 673 1455 sorores
721 1398 987 1474 virgines
1026 1398 1408 1475 Neptunides

198 1483 362 1541 Erim
399 1489 580 1557 atque
622 1482 914 1559 Lagmum
958 1484 1331 1556 deserentes,
1363 1485 1695 1556 Telamum,

199 1568 455 1626 Fluenta
501 1566 976 1626 Thermodontis
1018 1578 1196 1643 atque
1237 1573 1428 1627 Actae
1471 1571 1633 1647 iuga,

203 1653 447 1711 Poenas
493 1653 742 1727 rapinae
789 1654 1203 1727 quaesitantes
1252 1673 1526 1729 asperas,
2029 1661 2160 1715 1335

199 1737 340 1796 Istri
383 1737 478 1795 uls
530 1746 850 1795 sonantem
893 1739 1185 1816 gurgitem
1234 1740 1384 1797 citas
1430 1759 1614 1813 equas

199 1824 418 1900 Egere,
465 1823 703 1881 hiantes
753 1823 1067 1881 horitorem
1113 1825 1239 1882 oris
1278 1843 1496 1882 sonum

201 1907 476 1980 Graecis,
518 1908 741 1966 vetusti
785 1908 1046 1982 filiisque
1083 1909 1424 1967 Erechthei.

201 1994 581 2067 Omnemque
624 1992 773 2051 duro
819 1994 1013 2051 Marte
1056 2002 1371 2053 vastarunt
1411 2013 1637 2071 agrum,

198 2079 348 2157 Igne
385 2077 723 2138 ustulantes
766 2079 1136 2156 patrimonia
1176 2080 1479 2157 Mopsopi.
2029 2087 2161 2142 1340

197 2166 492 2239 Meusque
533 2183 783 2240 campos
835 2164 1132 2222 Thraciae
1174 2166 1472 2243 populans
1517 2185 1688 2237 avus,

198 2249 571 2324 Terramque
616 2249 898 2321 Eordam,
951 2259 1071 2307 tum
1115 2250 1521 2308 Galadraeum
1568 2251 1785 2319 solum,

195 2335 469 2392 Peneum
516 2333 593 2390 ad
637 2353 878 2391 amnem
925 2335 1144 2409 panxit
1186 2336 1319 2392 arvi
1361 2336 1675 2406 terminos,

196 2418 438 2479 Servile
488 2419 705 2476 vinclis
749 2419 1106 2495 imprimens
1147 2419 1298 2477 collo
1337 2419 1562 2496 iugum,
1600 2422 1605 2426 ’

193 2505 435 2562 Virtute
480 2512 801 2580 praestans
844 2505 1080 2562 iuvenis
1127 2513 1187 2561 et
1231 2505 1422 2561 forma
1467 2505 1614 2562 suis·
2026 2512 2159 2566 1345

192 2594 279 2648 At
322 2590 474 2646 haec
518 2589 841 2647 bubulcum
878 2590 1189 2665 suppetias
1241 2611 1354 2667 pro
1400 2598 1490 2647 tot
1520 2589 1695 2646 malis

195 2674 677 2734 Cudonivestem
723 2694 950 2749 sexque
994 2676 1237 2733 navium
1283 2675 1494 2732 ducem

193 2760 473 2832 Mittens,
512 2760 719 2836 ligone
761 2760 927 2819 celsa
970 2761 1126 2819 fodit
1163 2760 1425 2819 moenia.

191 2845 356 2903 Eum
397 2846 642 2903 Moneta
678 2846 1044 2904 vorticordia
1092 2847 1365 2904 coetibus

190 2930 403 2988 Deum
447 2930 727 3002 sacrabit,
772 2949 954 2988 causa
986 2931 1271 3009 princeps
1315 2931 1597 2988 luctuum.
1872 2960 1878 2965 ·
2030 2935 2161 2989 1350

193 3016 439 3074 Rursus
479 3015 788 3073 Timolum
837 3015 1186 3076 deserentes
1232 3016 1501 3075 voltures

192 3102 275 3158 Et
318 3099 637 3176 Cimpson,
679 3119 1043 3176 aureumque
1084 3102 1322 3160 Pactoli
1363 3102 1582 3171 sinum,

192 3186 275 3244 Et
311 3205 501 3260 aquas
552 3185 826 3257 Paludis,
870 3187 1040 3244 cuius
1081 3188 1143 3244 in
1187 3185 1486 3244 cubilibus

193 3271 522 3347 Typhonis
568 3291 724 3330 uxor
770 3290 988 3348 aspero
1024 3280 1161 3330 toro
1205 3273 1470 3340 incubat,

190 3356 466 3433 Agyllan
510 3356 837 3415 Ausonitin
871 3356 1187 3429 intrarunt,
1231 3374 1473 3434 gravem
2028 3365 2159 3420 1355

194 3439 420 3501 Saevis
461 3442 809 3518 Liguribus,
851 3442 1072 3518 quique
1118 3443 1311 3518 primo
1355 3439 1675 3500 Sithonum

190 3525 374 3586 Duro
412 3528 721 3606 gigantum
767 3535 906 3584 sunt
942 3527 1127 3585 creati
1177 3527 1494 3604 sanguine,
