2452 4186
1113 271 1238 332 379

263 439 802 515 Vastimanusque,
845 439 1090 512 invicte,
1135 449 1317 517 aptus
1358 439 1463 518 pal
1498 440 1691 497 maria
1732 440 1958 517 opima,

262 524 588 598 Volturne,
627 532 840 584 auctor
885 520 1184 601 temperi’,
1230 525 1621 602 sempiterne,
1665 525 1949 603 benigue,

263 611 525 683 Indicte,
563 610 851 688 agrestis,
904 610 1060 668 bene
1105 610 1316 683 votite,
1365 609 1781 686 induperator,

262 696 723 774 Magnanimum
739 713 846 754 cor
856 694 1114 768 habens,
1128 694 1263 752 fera
1278 696 1569 766 membra,
1584 694 1856 753 salutifer
1881 713 2095 773 augur:

267 780 628 853 Omnivore,
670 780 1086 856 omniparens,
1139 789 1490 856 praestane,
1535 787 1711 856 pater
1754 779 2013 840 Tutane.

266 865 392 941 Qui
433 866 677 924 Titulus
722 859 884 936 elui’,
932 864 1244 925 debellans
1285 866 1556 924 ineieora
1597 873 1895 924 monstrat

269 949 529 1026 Semper
569 968 761 1008 ovans
805 951 976 1026 pacis
1024 950 1266 1023 studiis,
1314 951 1564 1009 nutricis
1608 951 1913 1010 honorae:

262 1034 429 1094 Nate
476 1043 582 1094 tuo
629 1035 901 1111 ingeniO,
942 1034 1159 1092 Terrai
1198 1036 1425 1095 invicta
1464 1055 1792 1112 propageS,

261 1121 506 1197 Ignibu’
549 1120 902 1197 primigenis
935 1120 1180 1192 florens,
1225 1141 1261 1178 o
1305 1122 1402 1178 die
1443 1121 1683 1180 cluenti.

261 1207 557 1264 Matutam
602 1204 783 1281 capiti
823 1212 1094 1281 gestans,
1139 1213 1501 1280 noctemque
1544 1205 1927 1281 crepusc‘am:

265 1289 393 1351 Sex
432 1290 529 1349 bis
574 1289 653 1347 ad
692 1307 972 1348 occasum
1016 1291 1348 1350 absolvens
1393 1291 1723 1348 certamina
1764 1290 1841 1350 ab
1891 1297 2051 1348 ortu:

263 1375 406 1434 Diis
445 1383 716 1450 experte,
764 1381 825 1432 et
863 1375 1200 1451 inexperte,
1244 1377 1610 1434 inconcusse
1652 1375 1944 1445 lacert0e3

264 1460 477 1532 Adsis,
522 1460 858 1517 morborum
904 1479 1239 1518 averrunea
1281 1460 1552 1538 piamina
1596 1467 1884 1537 portans:

154 1607 159 1614 ,
263 1545 346 1603 Et
379 1551 667 1621 portenta
709 1563 910 1616 move,
965 1547 1241 1618 quatiens
1291 1543 1468 1605 saei-a
1510 1546 1727 1603 februa
1771 1545 2008 1605 dextra:

262 1630 345 1690 Et
382 1629 545 1688 mala
577 1628 971 1706 praepetibus
1014 1631 1256 1706 protela
1298 1632 1605 1690 obseoena
1651 1630 1912 1707 sagittis.

748 1797 995 1857 Saturni
1031 1798 1314 1873 suffimen,
1354 1807 1608 1856 sturaca.
2021 1798 2092 1857 12

265 1881 664 1959 Coeligenum
702 1883 1025 1954 Divorum,
1070 1883 1505 1958 hominumque
1543 1883 1801 1941 illustris
1839 1884 2024 1960 origo,

262 1967 617 2039 Multivore,
663 1977 725 2025 et
767 1966 1079 2041 Lustrali',
1117 1967 1312 2041 Nero,
1354 1967 1608 2040 Nerien‚
1649 1969 1898 2028 Titane:

266 2053 392 2129 Qui
436 2060 652 2111 cuneta
695 2054 990 2127 absumis,
1035 2055 1255 2129 quique
1300 2055 1507 2114 omnia
1539 2055 1782 2132 perficis
1825 2055 2008 2129 idem,

261 2138 502 2197 Vinclis
542 2138 897 2215 indupedite
939 2159 1053 2216 per
1092 2142 1255 2199 orbis
1295 2149 1473 2199 vasta
1515 2140 1766 2199 silentaz

263 2222 529 2284 Saturne
560 2224 697 2282 aevi
737 2224 1111 2300 progenitor,
1151 2223 1412 2283 Saturne
1455 2224 1687 2295 dolose,

261 2308 484 2366 Terrai
527 2308 759 2385 proles,
801 2315 861 2365 et
905 2308 1062 2366 coeli
1105 2308 1563 2385 signitenentis:

262 2392 490 2470 Stirps,
536 2412 751 2469 genus,
791 2392 1107 2466 obstetrix,
1151 2392 1374 2452 Titane
1417 2393 1759 2463 endostrue,
1800 2392 1957 2467 Opis
1982 2392 2094 2465 vir,

262 2477 385 2551 Qui
428 2478 715 2555 genitalis
755 2478 887 2536 obis
934 2497 1040 2552 per
1081 2478 1290 2536 mundi
1335 2478 1575 2554 singula
1613 2477 1908 2549 membra,

262 2562 561 2635 Calvitor,
601 2571 883 2622 versute:
923 2562 1139 2621 favens
1187 2563 1488 2623 orantibu'
1528 2562 1710 2633 votis,

260 2648 706 2723 Aequanimum
740 2649 902 2706 vitae
944 2650 1128 2706 finem
1173 2649 1527 2707 mortalibus
1572 2647 1762 2705 adfer.

664 2815 881 2874 Latiae
919 2817 1061 2892 Opis
1099 2819 1382 2893 suffimen,
1425 2827 1709 2875 aromata.
2017 2815 2091 2874 13

264 2901 398 2976 Ops
437 2900 808 2973 veneranda,
846 2920 1038 2977 genus
1086 2902 1408 2961 Vortumni
1443 2901 1837 2978 Primigenai,

262 2985 561 3061 Quaeque
602 2986 796 3062 agitas
840 2987 1020 3044 etiam
1062 2988 1373 3046 volventia
1407 2987 1677 3063 plaustra
1717 2985 2048 3045 Trionum:

263 3070 843 3147 Tumpaniverbera,
888 3072 1094 3145 cerita,
1146 3082 1325 3148 atque
1362 3073 1676 3148 aeriorepa
1716 3071 1908 3148 virge,

257 3157 456 3213 Mater
499 3174 721 3232 magna
761 3155 954 3228 Iovis,
993 3158 1193 3235 Latia,
1240 3158 1371 3232 Ops
1417 3152 1714 3228 eoelesti',
1753 3153 2014 3230 paluda,·

260 3240 501 3312 Polcra,
543 3248 604 3298 et
641 3240 956 3311 honorata,
1005 3250 1065 3300 et
1107 3241 1355 3303 Saturni
1394 3250 1652 3318 augusta
1696 3240 1933 3313 marita,

260 3325 553 3385 Montibu’
590 3343 741 3400 quae
781 3324 1033 3401 gaudes,
1070 3327 1498 3401 hominumque
1528 3322 1843 3384 ululatibu’
1878 3324 2090 3394 saeris,

264 3410 401 3487 Ops
442 3410 725 3484 Maiesta,
768 3429 991 3486 parens
1036 3412 1402 3489 bellici-epa,¹
1432 3410 1626 3470 Nerio
1671 3409 1815 3484 Dia,

263 3493 631 3572 Sospitaque
674 3502 735 3552 et
776 3496 1057 3569 mendax,
1101 3496 1537 3572 Picumnaque,
1578 3496 1807 3554 Libera
1833 3500 2055 3555 mater:
