2452 4186
1081 338 1198 402 163

215 504 655 607 Συνεισφέροιο
709 508 1004 586 μεμπτὸν,
1045 508 1110 571 ἓν
1154 505 1334 571 τοῦτ’
1382 505 1524 569 ἔσθ’
1567 507 1722 584 ἅλις,

216 589 334 655 Τὸν
382 587 563 662 ζῶντ’
611 588 708 650 ἐπὶ
750 590 912 653 πολυ
950 590 1130 656 πόλλ’
1178 590 1353 678 ὁρᾷν,
1398 591 1481 661 ὧν
1532 592 1604 654 οὐ
1649 593 1844 656 θέλει.
1905 593 2052 684 [25]

299 721 458 780 Tum
503 720 686 778 etiam
728 720 793 777 in
839 704 1084 781 senecta
1129 722 1241 781 hoc
1284 723 1506 800 deputo
1549 723 1980 800 miserrimum,

217 784 456 867 Sentire
495 824 569 863 ea
612 812 811 863 aetate
856 826 995 867 esse
1038 808 1320 868 odiosum
1369 827 1436 867 se
1482 806 1680 867 alteri.

294 886 482 951 Τοῦτ’
534 883 640 948 οὖν
672 887 914 969 νομίζω
965 887 1242 973 σχέτλιον
1286 888 1539 993 γέρονθ’
1587 889 1678 952 ὅτι

212 970 463 1034 Σύνοιδ’
506 966 729 1056 ἑαυτῷ
753 977 880 1045 τοῖς
913 973 1110 1042 πέλας
1149 972 1524 1059 μισουμένῳ.
1906 978 2048 1057 [25]

234 1063 493 1174 Oedi),
538 1101 642 1176 qui
684 1109 951 1161 vestram
993 1103 1430 1181 rempublicam
1474 1111 1707 1162 tantam
1748 1107 2045 1167 amisistis

1423 1196 1557 1246 tam

214 1270 660 1329 Proveniebant
701 1280 975 1331 oratores
1022 1272 1181 1345 novi,
1223 1272 1414 1345 stulti,
1457 1191 1911 1334 adolggffizztuli.

233 1354 383 1416 Α.
468 1351 613 1420 Πῶς
660 1353 734 1436 δὴ
788 1353 1100 1416 πολιτείαν
1142 1352 1444 1437 τοσαύτην
1488 1355 1832 1441 ἀπεβάλεθ’
1879 1355 2046 1423 οὕτω·

1434 1442 1784 1522 συντόμως,
1857 1492 1864 1499 .

213 1484 288 1585 Β.
336 1519 764 1605 Προςῆλθονν
721 1544 1010 1607 αφρονες,
1029 1521 1332 1606 νεοχμοὶ
1309 1544 1585 1606 ρητορες,
1607 1486 1862 1588 νεανίαι.
1906 1528 2046 1605 [20]

174 1770 698 1914 ΑΝΘΟΛΟΓΙΑ
730 1746 1477 1848 ΕΠΙΓΡΑΜΜΑΤΩΝ
1506 1722 2095 1852 ΜΑΡΤῙΑΛΙΟΥ.

819 1921 918 1982 Ad
957 1923 1433 1981 obtrectatorem.

214 2002 280 2071 ὃς
298 2006 533 2112 καυχᾶ
560 2000 826 2109 γράψειν
873 2005 1174 2086 βελτίονα.
1219 2008 1325 2087 τῆς
1365 2004 1473 2086 μὲν
1502 2004 1774 2107 ἀπειλῆς

298 2085 505 2192 ισχου,
554 2085 705 2174 ἔχου
751 2088 807 2150 δ’
858 2085 1064 2172 ἔργου,
1102 2087 1409 2198 κρέσσονα
1451 2087 1515 2150 δ’
1561 2088 1890 2154 ἀντιδίδου.

211 2174 367 2260 τῇδε
401 2168 553 2236 Ῥόδ
522 2174 627 2241 δςο
671 2171 779 2256 μέν
828 2196 946 2250 σοι,
992 2171 1135 2256 τῇδ’
1182 2172 1261 2235 αυ
1305 2174 1563 2278 πήδημα
1606 2174 1906 2258 γένεσθῳ.

296 2259 338 2340 ἡ
390 2258 569 2341 πείρη
614 2259 721 2321 τὸν
760 2279 899 2320 νουν
944 2258 1166 2341 ἀνδρὸς
1204 2256 1414 2339 ἔλεγξε
1458 2257 1635 2342 μόνη.

374 2416 378 2420 .
481 2369 602 2427 Ios,
646 2368 923 2447 Scaliger
958 2370 1083 2430 Isa.
1129 2368 1515 2432 Casaubonio
1558 2388 1670 2428 suo
1717 2370 1781 2432 S.

211 2450 452 2532 Μεσφοὶ
500 2472 623 2559 μοι
648 2451 686 2533 ἢ
737 2450 1021 2534 μελέταις
1066 2453 1444 2533 συλώμενον,
1488 2451 1528 2533 ἢ
1574 2450 1676 2513 διὰ
1721 2457 1916 2537 γῆρας

305 2531 471 2638 ἔρὶρει
517 2529 623 2595 ἀπ’
675 2535 1023 2640 ὀφθαλμῶν
1064 2539 1266 2617 κῶμα,
1306 2532 1726 2619 Κασαυβόνιε,

216 2621 305 2682 ὧν
355 2617 592 2699 εμαθον
631 2642 698 2681 νε
679 2618 770 2687 ὀς
814 2621 920 2698 ὢν,
965 2620 1004 2704 ἢ
1050 2620 1304 2702 μνήμων
1350 2619 1472 2701 εἰμὶ
1512 2620 1811 2698 Λατίνων,

294 2698 604 2770 Ἑλλάδος
650 2705 738 2772 εἰς
776 2706 1028 2788 χάριτος
1067 2703 1261 2787 μέτρα
1301 2704 1805 2807 μετεφρασοίμην.

213 2787 317 2852 καὶ
363 2786 437 2848 τὰ
460 2787 582 2868 μὲν
629 2789 949 2872 ἀγρυπνῶν
1008 2788 1113 2851 ἐπ’
1152 2786 1491 2895 ἀλαμπέος,
1535 2787 1666 2851 οἷον
1713 2789 1999 2876 ἄλυχνος,

298 2870 483 2933 νύκτα
528 2870 604 2934 δι’
658 2873 955 2976 ὀρφναίην
1006 2872 1348 2978 ἐξεπόνησα
1388 2871 1632 2958 λέχους.

214 2960 334 3019 τῶν
386 2955 487 3019 δέ
501 2979 587 3019 τιν
662 2956 998 3040 Ἀρκτώων
1022 2959 1255 3063 γαίης
1269 2957 1389 3021 ἄπο
1439 2959 1587 3039 τῆλε
1632 2953 1942 3022 Βαταόων

276 3040 513 3150 κομψὰ
562 3041 693 3145 μὲν,
738 3041 849 3104 ουκ
894 3040 1145 3126 ἀτρόμῳ
1190 3037 1255 3103 δ’
1291 3041 1519 3123 ὄμματι
1564 3039 1718 3125 πρός
1753 3065 1821 3104 σε
1863 3048 2042 3128 περᾷ.

221 3147 353 3208 φως
391 3148 505 3208 γαρ
557 3128 704 3209 ὁρᾷν
751 3125 823 3189 οὔ
866 3128 1066 3210 τολμᾷ
1110 3126 1509 3230 ἀταρβήτοισι
1550 3129 1964 3208 προσωπαῖς

306 3210 388 3271 ὧν
436 3211 632 3294 μήτηρ
674 3212 712 3294 ἡ
762 3209 886 3289 νυξ,
939 3213 971 3275 6
1022 3208 1236 3277 σκότος
1276 3209 1401 3271 ἐστὶ
1445 3210 1668 3292 πατήρ.

221 3373 384 3441 Dum
424 3383 573 3444 mihi
614 3384 712 3442 vel
755 3385 935 3458 curie,
983 3383 1158 3443 senio
1199 3383 1299 3443 vel
1341 3400 1588 3441 somnus
1633 3382 1883 3441 abactas

301 3468 518 3542 Fessa,
561 3463 928 3543 Casauboni‚
970 3469 1201 3527 lumina
1241 3465 1443 3526 nullus
1486 3466 1698 3525 habet:

225 3548 390 3625 Quae
434 3554 636 3613 didici.
658 3555 918 3628 iuvenis,
954 3554 1204 3617 memori
1246 3571 1400 3629 quae
1445 3560 1644 3696 metim}
1692 3552 1946 3621 Latina·

1506 3639 1533 3697 1
