2452 4186
1235 308 1319 369 80

364 479 663 538 Virtutum
706 479 918 551 series,
966 478 1213 537 virtutes
1262 478 1524 537 vindicat
1564 495 1793 535 omnes.

365 562 469 623 Sic
510 583 666 639 quae
706 572 848 621 sunt
888 563 1048 621 curis
1093 564 1344 621 aliorum
1390 570 1533 620 nata
1577 561 1853 621 levandis

364 648 511 707 Otia
551 650 884 721 Musarum,
927 647 1191 707 lacrimis
1233 657 1374 706 sunt
1414 646 1640 723 pabula
1683 648 1930 707 nostris.

362 734 443 792 Et
484 752 639 807 quae
681 743 820 791 sunt
863 733 1094 791 cunctis
1135 733 1511 790 medicamen
1560 731 1700 788 lene
1740 732 2015 791 laborum

361 818 692 889 Literulae,
741 818 913 876 nobis
947 819 1220 875 coeuntia
1260 827 1523 892 tempore
1568 817 1753 893 longo

364 902 632 960 Vulnera
673 903 1045 974 rescindunt,
1089 903 1291 959 animo
1332 903 1476 978 quia
1520 920 1677 959 vana
1720 902 2085 975 ministrant,

365 986 585 1060 Qualia
624 986 874 1045 fallaces
916 987 1280 1045 frustrantur
1319 988 1539 1063 gaudia
1583 987 1783 1044 somni

363 1073 569 1130 Instar
611 1081 947 1143 ventorum,
989 1072 1343 1145 levibusque
1385 1071 1693 1129 simillima
1732 1071 1947 1130 fumis:

363 1156 468 1229 Ut,
512 1157 749 1231 quoties
793 1158 940 1214 mihi
977 1157 1137 1213 lecta
1161 1157 1365 1228 refert,
1400 1175 1595 1232 neque
1635 1164 1901 1231 praestat
1931 1159 2189 1216 amicum

362 1241 621 1318 Pagina,
670 1242 935 1300 detester
974 1243 1155 1299 toties
1204 1261 1342 1299 mea
1377 1241 1624 1298 numina
1671 1242 1899 1298 Musas.

363 1327 515 1384 Inde
554 1328 640 1398 fit,
686 1336 770 1397 ut,
820 1327 874 1385 si
916 1346 1071 1401 quae
1115 1328 1402 1384 manabat
1442 1326 1664 1402 largior
1709 1326 1855 1383 olim

367 1409 622 1470 Castalii
662 1411 859 1487 laticis
901 1422 1108 1470 nostro
1153 1413 1229 1469 de
1273 1421 1519 1485 pectore
1562 1429 1738 1480 vena,

361 1496 704 1572 Pauperior
747 1498 909 1566 fluat,
953 1506 1012 1554 et
1042 1515 1371 1571 suppresso
1416 1496 1586 1554 fonte
1629 1494 1893 1553 resistat.

364 1581 542 1641 Unde
584 1581 764 1656 igitur
809 1600 1043 1652 versus,
1092 1591 1151 1638 et
1193 1590 1370 1656 rapto
1416 1599 1655 1637 carmen
1701 1578 1895 1636 amico

279 1702 283 1705 -
367 1663 700 1737 Sufficiam,
746 1666 841 1722 cui
879 1684 990 1722 nec
1027 1665 1315 1722 Phoebus
1360 1664 1711 1740 respondet,
1758 1671 1824 1720 ut
1863 1672 2023 1737 ante,

344 1748 499 1807 >Nec
539 1758 711 1808 vetus
754 1750 984 1824 aspirat
1026 1757 1376 1827 vegetantes
1421 1749 1683 1824 impetus
1732 1767 1933 1819 auras,

362 1834 761 1906 Parnassum,
810 1844 869 1892 et
908 1853 1140 1893 sacram
1186 1834 1396 1892 solitas
1438 1832 1754 1909 impellere
1800 1831 2117 1891 Cirrham?

366 1918 556 1992 Quod
590 1920 738 1976 mihi
780 1919 833 1978 si
881 1920 1045 1978 nullo
1089 1919 1460 1995 squallerent
1499 1926 1744 1994 pectora
1771 1917 1957 1990 luctu,

367 2006 446 2063 Et
485 2024 599 2080 par
641 2005 947 2081 ingenium
988 2005 1225 2081 magnis
1274 2005 1591 2063 conatibus
1634 2011 1822 2074 esset,

369 2087 653 2166 Supremi
695 2089 882 2149 officii
922 2101 1299 2166 praestarem
1340 2090 1475 2147 iura
1519 2087 1736 2147 sodali.

370 2173 493 2235 Sed
533 2174 679 2250 vigil
727 2175 803 2231 ad
844 2193 1040 2248 curas,
1089 2176 1355 2250 solisque
1399 2175 1652 2233 adsueta
1690 2172 1954 2248 querelis

367 2259 507 2317 Non
554 2259 717 2316 venit
757 2260 834 2316 ad
874 2269 1079 2335 partes
1120 2261 1296 2318 toties
1339 2260 1485 2316 mihi
1524 2260 1702 2316 Musa
1746 2257 1949 2328 citata,

365 2344 491 2402 Pro
531 2345 731 2402 verbis
778 2345 1038 2404 fundens
1081 2345 1384 2416 lacrimas,
1423 2364 1534 2420 pro
1578 2342 1842 2399 carmine
1885 2349 2158 2416 questus.

368 2428 468 2487 Ne
510 2438 713 2487 tamen
756 2438 860 2487 aut
902 2431 1122 2506 pietas,
1169 2438 1293 2502 aut,
1340 2430 1508 2487 cuius
1550 2435 1761 2486 sancta
1806 2435 2106 2503 potestas,

370 2514 687 2574 Claudicet
719 2515 906 2574 officii
943 2534 1084 2590 pars
1129 2516 1257 2573 ulla
1301 2513 1635 2573 novissima
1674 2512 1885 2581 nobis;

369 2599 508 2657 Huc
555 2600 701 2658 ades
749 2601 1015 2662 adiutrix
1061 2602 1259 2659 nostri
1299 2600 1510 2676 regina
1553 2598 1807 2669 laboris,

369 2685 450 2743 Et
489 2684 658 2755 mihi,
704 2685 1111 2761 Melpomene,
1153 2686 1420 2761 potiores
1460 2682 1745 2759 praecipe
1794 2678 2047 2752 CantuS,

369 2767 641 2827 Fletibus
682 2768 1014 2828 immodicis
1062 2778 1335 2828 statuens
1390 2768 1524 2842 quis
1568 2767 1858 2825 terminus
1899 2767 2142 2824 haeret:

374 2853 541 2928 Quos
586 2853 886 2911 desiderio
932 2856 1109 2926 fines,
1156 2873 1310 2928 quae
1353 2862 1634 2929 tempora
1674 2870 1848 2927 ponc.

371 2940 452 2996 Et
489 2956 668 3011 quum
709 2945 770 2994 te
815 2938 876 2995 in
920 2947 1153 3016 partem
1192 2939 1574 2996 lacrimarum
1620 2954 1805 3010 saepe
1847 2936 2135 3008 vocarim,

369 3023 545 3082 Pone
583 3040 797 3099 graves
836 3024 1114 3099 gemitus,
1157 3023 1539 3097 lamentaque
1579 3021 1788 3078 desine
1828 3039 2085 3094 mecum,

371 3108 679 3166 Funereos
723 3108 989 3172 lacerata
1030 3110 1223 3181 sinus,
1275 3109 1551 3166 immissa
1595 3108 1846 3163 fluentes

373 3191 555 3250 Hirta
596 3212 708 3269 per
751 3212 856 3250 ora
899 3213 1129 3266 comas,
1174 3203 1233 3251 et
1277 3194 1474 3253 scisso
1523 3190 1824 3266 squallida
1864 3189 2064 3266 peplo.

377 3276 566 3336 Come
613 3287 950 3337 serenatam
1000 3280 1158 3337 festo
1207 3279 1547 3337 diademate
1586 3277 1866 3334 frontem.

374 3361 566 3420 Indue
605 3381 910 3438 purpureo
950 3365 1259 3422 radiantes
1307 3364 1533 3421 lumine
1576 3361 1790 3418 cultus.

376 3447 655 3505 Detersis
702 3448 881 3520 curis,
927 3457 987 3506 et
1020 3449 1198 3524 pulsa
1244 3449 1402 3507 nube
1446 3446 1662 3504 doloris

379 3530 764 3607 Compositos
808 3552 1019 3592 manes
1062 3534 1239 3591 hilari
1288 3533 1514 3609 pietate
1558 3530 1846 3588 colamus·
