2452 4186
1265 326 1407 387 278:

413 493 603 573 ζ(61)
957 486 1044 552 Τὸ
1086 489 1258 575 ξίφος
1307 491 1375 554 ἐκ
1411 492 1680 554 κολεοῖο.
1778 505 1783 511 ’

409 579 596 639 Ensis
642 579 864 656 vagina
906 597 1012 636 cur
1058 581 1373 657 stringitur
1397 580 1425 638 ἲ
1470 579 1632 637 haud
1674 587 1739 637 ut
1783 580 2028 656 iniquus

498 663 627 725 Sim
669 664 921 723 Veneri:
954 664 1178 722 'adiuro
1220 674 1398 741 teque
1437 673 1724 740 tuumque
1772 673 1969 742 caput.

411 748 537 810 Sed
567 750 833 808 Martem
867 750 975 822 ut,
1005 751 1279 823 quamvis
1327 750 1577 807 immani
1617 757 1886 827 pectore,
1929 752 2102 810 noris

497 832 623 895 Sub
666 834 927 892 Veneris
970 834 1144 892 molli
1187 854 1419 912 ponere
1464 835 1625 893 colla
1662 836 1826 911 iugo·

408 919 538 978 Iste
582 920 700 976 mei
740 918 1029 976 desiderii
1073 928 1166 978 est
1213 938 1437 978 comes.
1480 919 1666 978 Haud
1715 937 1871 996 opus
1911 919 2039 977 ullo

492 1004 607 1062 Est
647 1003 918 1080 speculo.
965 1003 1148 1061 Hunc
1189 1023 1446 1063 versans
1486 1004 1734 1063 consulo
1780 1023 2022 1081 semper
2070 1023 2200 1081 ego·

406 1088 670 1146 Pulcher
705 1089 768 1146 in
813 1088 929 1146 hoc
965 1089 1176 1147 videor
1211 1090 1377 1146 mihi.
1424 1086 1547 1149 Sed
1591 1090 1645 1148 si
1686 1089 1935 1164 linquis,
1977 1090 2199 1162 amica,

491 1171 622 1233 Nos
665 1174 859 1250 prius,
905 1173 1004 1231 hic
1054 1175 1219 1234 ensis
1265 1174 1475 1232 induet
1510 1173 1593 1231 ile
1631 1193 1850 1232 meum.

412 1341 605 1419 ((62)
934 1335 1042 1422 Τῷ
1085 1345 1303 1423 χρυσῷ
1343 1340 1445 1401 τὸν
1484 1334 1749 1422 Ἔρωτα.

407 1431 576 1486 Auro
624 1427 985 1485 sollicitatur
1027 1431 1220 1486 Amor
1260 1427 1426 1484 mihi.
1472 1426 1634 1486 Nam
1685 1445 1882 1502 neque
1927 1435 2133 1486 aratro

491 1512 785 1584 Possunt,
822 1531 935 1570 nec
990 1513 1137 1571 duro
1182 1512 1368 1570 mella
1412 1513 1620 1590 ligone
1663 1512 1804 1585 coli,

409 1596 532 1657 Sed
570 1598 934 1674 tempestiva
976 1598 1150 1655 verni
1189 1597 1250 1656 vi
1275 1598 1455 1656 roris.
1500 1600 1581 1655 At
1619 1616 1828 1654 aurum

492 1681 858 1741 Omnimode
896 1681 1155 1740 Veneris
1197 1682 1399 1740 dulcia
1442 1683 1627 1741 mella
1667 1682 1825 1739 colit.

410 1850 442 1917 ζ
462 1850 602 1927 (63)
944 1844 1273 1931 Κιχλίζεις,
1315 1846 1713 1931 χρεμέτισμα.

316 1992 323 2003 ,
408 1934 667 1992 Hinnitu
702 1935 957 1994 Veneris
1000 1935 1335 2011 proludens
1377 1935 1540 1994 bella
1584 1935 1871 1994 fritinnis.

491 2017 741 2076 Furtivo
788 2020 1060 2078 adnictas
1100 2021 1367 2078 numine.
1418 2029 1632 2077 cuncta
1676 2040 1905 2079 moves.

405 2104 679 2175 Frustra,
725 2105 882 2176 iur0,
929 2104 1121 2163 oculis
1159 2113 1220 2162 te
1266 2125 1389 2162 non
1437 2106 1701 2179 visurus,
1747 2106 1942 2166 amori

488 2188 872 2247 Indomitam.
924 2188 1193 2265 lapidem
1234 2197 1327 2246 ter
1368 2208 1603 2265 quoque
1648 2191 1779 2249 iuro
1827 2192 2057 2250 Iovem.

404 2272 576 2331 Lude
618 2273 746 2330 tibi.
789 2279 849 2330 te
894 2274 1152 2332 suavioli
1192 2283 1596 2351 poppysmate
1636 2275 1812 2333 ducta

488 2357 646 2431 Illis,
691 2377 844 2433 quae
888 2359 1038 2417 nulli
1080 2360 1245 2417 nuda
1284 2360 1512 2418 labella
1560 2378 1748 2419 seres.

406 2527 598 2603 C(65)
933 2521 1145 2585 Πᾶσαν
1193 2525 1314 2606 ἐγὼ
1359 2526 1465 2608 τὴν
1513 2524 1717 2586 νύκτα.

404 2612 566 2671 Tota
605 2612 752 2669 mihi
790 2612 855 2669 in
902 2613 1126 2689 gemitu
1173 2633 1300 2672 nox
1329 2613 1598 2671 vertitur.
1637 2616 1753 2671 Ast
1791 2614 1894 2671 ubi
1935 2612 2101 2669 venit

487 2696 662 2755 Dans
709 2697 1020 2754 minimum
1062 2698 1208 2755 mihi
1254 2697 1366 2755 lux
1408 2700 1604 2773 prima
1642 2698 1843 2771 quiete
1894 2697 2037 2769 frui,

404 2781 643 2842 Circum
685 2800 910 2857 perque
956 2789 1260 2857 strepente
1299 2784 1552 2841 citamur
1584 2783 1922 2842 hirundine.
1969 2798 2219 2841 somnos

483 2867 892 2943 Abrumpens,
932 2865 1213 2925 lacrimas
1261 2867 1521 2945 integrat
1559 2867 1668 2925 illa
1707 2868 1873 2925 mihi.

401 2951 561 3026 Quid
602 2951 750 3009 mihi
793 2952 1106 3009 vobiscum
1153 2953 1288 3010 est?
1337 2953 1615 3013 absistite
1659 2953 1903 3030 garrula
1944 2954 2139 3010 turba.

481 3037 652 3110 Non,
694 3035 1056 3109 Philomela,
1101 3038 1250 3095 mihi
1290 3038 1499 3116 lingua
1542 3046 1778 3097 resecta
1820 3045 1926 3096 tua
1969 3046 2080 3097 est.

396 3122 568 3180 Flete
612 3122 817 3197 Itylon
867 3120 1031 3179 duris
1073 3121 1137 3179 in
1178 3125 1511 3197 montibus,
1558 3132 1733 3199 atque
1779 3124 2011 3195 sedete,

485 3206 854 3283 Scruposam
901 3215 1106 3265 cautes
1154 3228 1275 3284 qua
1306 3209 1473 3267 dabit
1509 3210 1633 3265 alta
1676 3208 1943 3279 domum,

396 3292 682 3353 Dormire
716 3299 782 3348 ut
822 3291 1021 3351 liceat.
1072 3291 1413 3371 Sul-repens
1439 3294 1617 3352 -forte
1661 3292 2062 3351 Rhodanthes

481 3376 916 3453 Amplexanda
959 3377 1104 3435 mihi
1142 3380 1411 3452 brachia,
1455 3376 1701 3450 Somne,
1746 3377 1941 3435 dabis.
