2452 4186
1146 311 1267 371 199

206 480 213 487 ‘
294 474 401 539 καί
440 497 511 537 κε
557 462 727 558 λέγοι
770 477 1041 561 καταβὰς
1085 480 1118 542 ὁ
1164 481 1529 563 παροίτερος
1572 480 1660 548 εἰς
1698 477 1941 559 Ἀΐδαο,

381 558 521 642 ζῆθι
561 561 628 622 τὸ
676 561 805 638 σὸν,
854 565 1035 643 ζῆσον
1079 562 1329 647 τούμὸν,
1376 564 1633 647 ἀδελφὲ,
1682 564 1886 649 μέρος.
1965 656 1968 659 Ἰ

259 730 468 804 ’9,51.
518 727 553 790 ὅ
574 726 670 812 ῤῥ
695 727 920 835 ηὔχου,
949 731 1247 804 Λευκανὲ,
1280 731 1470 807 θεοῖς,
1499 731 1786 800 ἀέκοντος
1813 733 2115 818 ἀδελφοῦ,

378 811 568 877 αὐτοῦ
616 814 854 895 προσθε
897 814 1132 893 θανεῖν,
1176 815 1397 878 τούτου
1447 816 1757 900 ἐπήβολος
1804 817 1878 880 εἶ.

291 895 367 982 χ’
388 898 474 964 ὣς
489 896 744 981 φθονέει
782 900 876 961 σοὶ
898 905 1029 962 νῦν.
1061 900 1222 983 ὁγὰρ
1250 899 1523 982 ἐςΣτύγα
1540 898 1777 983 πρόσθε
1794 901 2114 966 κατελθεῖν

373 979 686 1065 ηὔχετο[,]
734 984 951 1067 καίπερ
1000 984 1119 1046 ἐὼν
1170 983 1506 1068 ὁπλότερος
1548 986 1785 1069 γενεὴν.

295 1065 493 1130 ἄλσεα
534 1066 593 1128 δ’
640 1067 825 1129 οἰκῶν
868 1069 1116 1153 τερπνὰ,
1162 1069 1266 1131 καὶ
1301 1067 1612 1136 Ἠλυσίοις
1658 1069 1976 1154 ἐπιδημῶν
2089 1116 2094 1125 .

375 1152 479 1213 τὸν
531 1152 702 1213 κάσιν
749 1152 822 1214 οὐ
864 1153 1117 1222 ποθέεις
1153 1153 1290 1236 ἄρτι
1335 1153 1611 1216 σύνοικον
1661 1153 1845 1260 ἔχειν.

294 1235 349 1297 εἰ
394 1236 464 1298 δὲ
506 1236 835 1320 ἀμοιβαῖος
885 1236 1317 1307 Πολυδεύκεος
1362 1236 1508 1301 αὖθι
1549 1241 1871 1323 παρελθῃς

296 1344 305 1355 ·
378 1319 700 1411 ἀστρρθεν,
749 1321 1025 1406 ὀτρύναις
1068 1319 1359 1406 Κάστορα
1409 1325 1490 1405 μὴ
1532 1324 1907 1407 ’ναδραμεῖν.

292 1493 465 1565 8,14.
506 1486 673 1573 ὄφρα
716 1491 798 1573 μὴ
847 1491 886 1571 ἡ
930 1487 1198 1563 Κιλίκων
1248 1490 1537 1575 φοβέοιτο
1596 1496 1797 1576 ψῦχος
1839 1493 2074 1575 ὀπώρη,

377 1576 458 1659 μή
504 1573 569 1636 θῖ
619 1575 862 1658 ἁπαλὴν
911 1574 1060 1658 ὕλην
1115 1577 1387 1659 σφοδρὸν
1435 1573 1608 1657 ἄημα
1652 1577 1832 1659 δάκῃ,

292 1658 466 1722 ἀντία
501 1663 882 1764 χειμερινοῖο
933 1660 1135 1723 νότοιο
1184 1660 1441 1743 δίοπτρα
1486 1658 1767 1724 δέδεκται

371 1745 629 1827 ἠελιους.
662 1745 916 1828 ἀμιγεῖς,
951 1745 1053 1807 καὶ
1096 1747 1258 1830 φάος
1298 1744 1644 1828 ἀτρύγετον.

291 1827 427 1890 ἀλλ’
480 1828 641 1910 ἐμοὶ,
683 1831 794 1912 ἡμι
842 1831 992 1912 ανὴς
1038 1829 1226 1913 οὗπερ
1274 1830 1448 1915 θυρίς
1496 1828 1676 1906 ἐστιν,
1723 1831 1957 1893 ἀνεῖται

375 1911 515 1974 οὔτ’
564 1913 734 1997 αὐτῷ
839 1915 990 1997 ορέῃ
1038 1915 1332 1997 τλήσιμον
1376 1913 1647 1976 οἰκίδιον.

291 1997 488 2065 οὕτως
532 1998 792 2082 ἀρχαῖον
834 1999 1102 2070 ξεινίζεις
1135 2000 1291 2082 ὠμὲ,
1336 1998 1512 2082 φίλον
1564 2004 1711 2075 σοῢς

375 2086 506 2151 σοῖς
550 2083 664 2150 ὑπὸ
708 2087 975 2168 κρεῖττον
1028 2083 1166 2167 ἐμοὶ
1211 2084 1521 2169 δένδρεσιν
1572 2083 1849 2147 ἐνδιάειν.
1890 2135 1893 2137 ,

291 2247 508 2329 10‚23.'
547 2251 787 2338 ἡσύχου
836 2252 1148 2335 εὐδαίμων
1194 2256 1401 2338 βιοτῆς
1442 2251 1772 2321 Ἀντώνιος
1806 2253 1928 2337 ἤδη

370 2336 539 2400 πέντ’
589 2338 686 2400 ἐπὶ
719 2342 845 2406 τοῖς
888 2333 1013 2399 δέκ’
1062 2338 1214 2400 ἐτῶν
1262 2334 1935 2421 ἤνυσῖὈλυμπιάδας.

285 2420 488 2505 ἤματ’
536 2420 1053 2505 ὄπισθεδέδορκε
1097 2421 1574 2505 παροιχομένων
1624 2423 1913 2483 ἐνιαυτῶν

374 2508 592 2582 πάντα,
639 2508 740 2569 καὶ
794 2506 867 2569 οὐ
912 2507 1124 2589 Λήθης
1168 2507 1357 2569 δείδιε
1397 2509 1592 2587 γεῖτον
1636 2506 1826 2589 ὕδωρ.

288 2590 472 2653 οὐδὲν
518 2592 900 2673 πεμπάζοντί
937 2593 997 2654 οἱ
1038 2590 1207 2675 ἦμαρ
1251 2590 1478 2655 ἔπεισιν
1525 2590 1734 2672 ἀηδές,

375 2675 490 2737 οὐκ
532 2674 672 2738 ἔσθ’
718 2675 789 2739 οὗ
834 2679 994 2746 τινὸς
1036 2676 1109 2739 ού
1160 2678 1453 2761 μνήσεται
1500 2675 1834 2741 ἀσπασίως.

287 2761 557 2845 χρηστὸς
602 2761 753 2844 ἀνὴρ
795 2763 1001 2845 βιοτῆς
1046 2761 1300 2834 ἐκτείνει
1345 2760 1556 2844 μέτρα.
1598 2758 1725 2822 τόδ’
1776 2759 1902 2822 ἐστὶ

375 2845 463 2913 δὶς
505 2846 705 2921 ζώειν,
750 2848 913 2928 ζωῆς
956 2851 1062 2930 τῆς
1097 2848 1231 2931 πρὶν
1276 2844 1709 2928 ἐπαυρέμεναι.

879 3038 943 3097 η.
1030 3010 1158 3077 ΕΙΣ
1198 3012 1523 3078 ΠΑΙΔΑΣ.

288 3100 347 3173 9,
363 3100 465 3161 36.
503 3098 606 3160 τὸν
653 3098 798 3166 Διὸς
841 3098 1148 3162 Αὐσονίου
1185 3099 1540 3182 θεράποντα
1573 3097 1946 3181 κεκαρμένον
1982 3096 2114 3183 ἄρτι

352 3181 543 3265 ’Φρὺξ
590 3181 803 3264 ἑτέρου
836 3181 1046 3266 Ζηνὸς
1085 3182 1340 3245 παιδικὰ
1380 3188 1604 3265 κοῦρος
1642 3183 1810 3258 ἰδὼν,

287 3265 324 3329 ὅ
372 3265 488 3349 ῥρα
529 3266 940 3350 χαριζόμενος
982 3290 1098 3351 περ
1147 3269 1257 3350 ἑῷ,
1302 3268 1484 3348 φάτο,
1523 3264 1791 3351 Καῖσαρ,
1840 3266 2058 3352 ἐφήβῳ

375 3353 559 3426 δῶκε,
607 3351 712 3420 δὸς
756 3352 1079 3435 ἡγεμόνων
1125 3353 1228 3415 καὶ
1273 3351 1343 3414 σὺ
1387 3349 1630 3433 μέγιστε
1668 3358 1810 3438 τεῷ.

283 3434 406 3518 ἤδη
456 3436 559 3516 μοὶ
590 3438 1004 3520 ,πλοκάμοισιν
1055 3435 1549 3519 ὑποσταχύουσιν
1593 3435 1816 3512 ἴουλοι,

369 3520 477 3581 καί
522 3542 597 3602 με
643 3522 876 3601 γελῶσ’
908 3517 1073 3606 (Ἤρη
1122 3522 1194 3605 σὴ
1241 3522 1443 3603 δάμαρ
1494 3518 1687 3603 ἄνδρα
1730 3522 1928 3602 καλεῖ.
