<?xml version="1.0" encoding="UTF-8"?>
<!DOCTYPE html PUBLIC "-//W3C//DTD XHTML 1.0 Transitional//EN"
    "http://www.w3.org/TR/xhtml1/DTD/xhtml1-transitional.dtd">
<html xmlns="http://www.w3.org/1999/xhtml" xml:lang="en" lang="en">
 <head>
  <title>
</title>
<meta http-equiv="Content-Type" content="text/html;charset=utf-8" />
  <meta name='ocr-system' content='tesseract 3.04.00' />
  <meta name='ocr-capabilities' content='ocr_page ocr_carea ocr_par ocr_line ocrx_word'/>
</head>
<body>
  <div class='ocr_page' id='page_1' title='image "./iosephiscaliger02scalgoog/iosephiscaliger02scalgoog_0099.png"; bbox 0 0 2452 4186; ppageno 0'>
   <div class='ocr_carea' id='block_1_1' title="bbox 1075 246 1189 327">
    <p class='ocr_par' dir='ltr' id='par_1_1' title="bbox 1075 246 1189 327">
     <span class='ocr_line' id='line_1_1' title="bbox 1075 246 1189 327; baseline 0 0"><span class='ocrx_word' id='word_1_1' title='bbox 1075 246 1189 327; x_wconf 81' lang='grc'><strong>’97</strong></span> 
     </span>
    </p>
   </div>
   <div class='ocr_carea' id='block_1_2' title="bbox 1000 353 1301 362">
    <p class='ocr_par' dir='ltr' id='par_1_2' title="bbox 1000 353 1301 362">
     <span class='ocr_line' id='line_1_2' title="bbox 1000 353 1301 362; baseline 0 3824"><span class='ocrx_word' id='word_1_2' title='bbox 1000 353 1301 362; x_wconf 95' lang='lat' dir='ltr'><strong> </strong></span> 
     </span>
    </p>
   </div>
   <div class='ocr_carea' id='block_1_3' title="bbox 232 435 2031 3044">
    <p class='ocr_par' dir='ltr' id='par_1_3' title="bbox 232 435 2031 3044">
     <span class='ocr_line' id='line_1_3' title="bbox 318 435 1696 513; baseline 0.003 -21"><span class='ocrx_word' id='word_1_3' title='bbox 318 435 616 494; x_wconf 89' lang='lat' dir='ltr'><strong>Incedens</strong></span> <span class='ocrx_word' id='word_1_4' title='bbox 659 435 848 512; x_wconf 84' lang='lat' dir='ltr'><strong>longo</strong></span> <span class='ocrx_word' id='word_1_5' title='bbox 895 446 1157 513; x_wconf 77' lang='lat' dir='ltr'><strong>syrmate</strong></span> <span class='ocrx_word' id='word_1_6' title='bbox 1202 438 1388 495; x_wconf 84' lang='lat' dir='ltr'><strong>verrit</strong></span> <span class='ocrx_word' id='word_1_7' title='bbox 1430 438 1696 496; x_wconf 90' lang='lat' dir='ltr'><strong>humum.</strong></span> 
     </span>
     <span class='ocr_line' id='line_1_4' title="bbox 241 521 1811 596; baseline 0.001 -16"><span class='ocrx_word' id='word_1_8' title='bbox 241 521 536 580; x_wconf 77' lang='lat' dir='ltr'>Omnibus</span> <span class='ocrx_word' id='word_1_9' title='bbox 582 521 731 578; x_wconf 86' lang='lat' dir='ltr'><strong>haec</strong></span> <span class='ocrx_word' id='word_1_10' title='bbox 776 522 1014 588; x_wconf 80' lang='lat' dir='ltr'><strong>studiis,</strong></span> <span class='ocrx_word' id='word_1_11' title='bbox 1057 530 1136 593; x_wconf 87' lang='lat' dir='ltr'><strong>et,</strong></span> <span class='ocrx_word' id='word_1_12' title='bbox 1181 523 1284 596; x_wconf 91' lang='lat' dir='ltr'><strong>qui</strong></span> <span class='ocrx_word' id='word_1_13' title='bbox 1324 522 1523 580; x_wconf 87' lang='lat' dir='ltr'><strong>fecere</strong></span> <span class='ocrx_word' id='word_1_14' title='bbox 1574 524 1811 595; x_wconf 87' lang='lat' dir='ltr'><strong>beatos,</strong></span> 
     </span>
     <span class='ocr_line' id='line_1_5' title="bbox 319 605 1615 678; baseline 0.001 -14"><span class='ocrx_word' id='word_1_15' title='bbox 319 605 597 664; x_wconf 90' lang='lat' dir='ltr'><strong>Cultibus</strong></span> <span class='ocrx_word' id='word_1_16' title='bbox 640 605 930 678; x_wconf 80' lang='lat' dir='ltr'><strong>exclusis,</strong></span> <span class='ocrx_word' id='word_1_17' title='bbox 965 608 1197 665; x_wconf 89' lang='lat' dir='ltr'><strong>obtinet</strong></span> <span class='ocrx_word' id='word_1_18' title='bbox 1240 626 1360 666; x_wconf 85' lang='lat' dir='ltr'><strong>una</strong></span> <span class='ocrx_word' id='word_1_19' title='bbox 1396 607 1615 665; x_wconf 89' lang='lat' dir='ltr'><strong>locum.</strong></span> 
     </span>
     <span class='ocr_line' id='line_1_6' title="bbox 235 690 1487 769; baseline -0.002 -18"><span class='ocrx_word' id='word_1_20' title='bbox 235 693 413 769; x_wconf 80' lang='lat' dir='ltr'>Ipsae</span> <span class='ocrx_word' id='word_1_21' title='bbox 457 690 739 749; x_wconf 81' lang='lat' dir='ltr'><strong>Pierides</strong></span> <span class='ocrx_word' id='word_1_22' title='bbox 792 692 950 767; x_wconf 86' lang='lat' dir='ltr'><strong>turpi</strong></span> <span class='ocrx_word' id='word_1_23' title='bbox 988 692 1221 750; x_wconf 85' lang='lat' dir='ltr'><strong>suffusa</strong></span> <span class='ocrx_word' id='word_1_24' title='bbox 1259 691 1487 767; x_wconf 87' lang='lat' dir='ltr'><strong>pudore</strong></span> 
     </span>
     <span class='ocr_line' id='line_1_7' title="bbox 315 775 1650 848; baseline 0.001 -14"><span class='ocrx_word' id='word_1_25' title='bbox 315 775 661 834; x_wconf 88' lang='lat' dir='ltr'><strong>Pallidulae</strong></span> <span class='ocrx_word' id='word_1_26' title='bbox 704 776 885 834; x_wconf 82' lang='lat' dir='ltr'><strong>salsis</strong></span> <span class='ocrx_word' id='word_1_27' title='bbox 931 777 1226 836; x_wconf 87' lang='lat' dir='ltr'><strong>imbribus</strong></span> <span class='ocrx_word' id='word_1_28' title='bbox 1276 795 1381 834; x_wconf 87' lang='lat' dir='ltr'><strong>ora</strong></span> <span class='ocrx_word' id='word_1_29' title='bbox 1424 777 1650 848; x_wconf 86' lang='lat' dir='ltr'><strong>lavant,</strong></span> 
     </span>
     <span class='ocr_line' id='line_1_8' title="bbox 234 857 1594 936; baseline -0.001 -16"><span class='ocrx_word' id='word_1_30' title='bbox 234 865 323 921; x_wconf 88' lang='lat' dir='ltr'><strong>Ac</strong></span> <span class='ocrx_word' id='word_1_31' title='bbox 364 860 705 936; x_wconf 88' lang='lat' dir='ltr'><strong>patrocinio</strong></span> <span class='ocrx_word' id='word_1_32' title='bbox 752 861 1017 919; x_wconf 86' lang='lat' dir='ltr'><strong>defectae</strong></span> <span class='ocrx_word' id='word_1_33' title='bbox 1064 861 1228 920; x_wconf 90' lang='lat' dir='ltr'><strong>nulla</strong></span> <span class='ocrx_word' id='word_1_34' title='bbox 1265 857 1594 936; x_wconf 81' lang='lat' dir='ltr'><strong>queruntur</strong></span> 
     </span>
     <span class='ocr_line' id='line_1_9' title="bbox 316 945 1507 1021; baseline 0 -17"><span class='ocrx_word' id='word_1_35' title='bbox 316 946 442 1004; x_wconf 90' lang='lat' dir='ltr'><strong>Pro</strong></span> <span class='ocrx_word' id='word_1_36' title='bbox 496 945 828 1020; x_wconf 82' lang='lat' dir='ltr'><strong>deploratis</strong></span> <span class='ocrx_word' id='word_1_37' title='bbox 870 947 1099 1006; x_wconf 86' lang='lat' dir='ltr'><strong>artibus</strong></span> <span class='ocrx_word' id='word_1_38' title='bbox 1144 966 1308 1004; x_wconf 87' lang='lat' dir='ltr'><strong>arma</strong></span> <span class='ocrx_word' id='word_1_39' title='bbox 1348 947 1507 1021; x_wconf 85' lang='lat' dir='ltr'><strong>capi:</strong></span> 
     </span>
     <span class='ocr_line' id='line_1_10' title="bbox 237 1030 1874 1103; baseline 0 -12"><span class='ocrx_word' id='word_1_40' title='bbox 237 1030 360 1091; x_wconf 87' lang='lat' dir='ltr'><strong>Sed</strong></span> <span class='ocrx_word' id='word_1_41' title='bbox 400 1030 623 1089; x_wconf 81' lang='lat' dir='ltr'><strong>stultos</strong></span> <span class='ocrx_word' id='word_1_42' title='bbox 661 1031 941 1091; x_wconf 89' lang='lat' dir='ltr'><strong>homines</strong></span> <span class='ocrx_word' id='word_1_43' title='bbox 988 1033 1311 1089; x_wconf 83' lang='lat' dir='ltr'><strong>verborum</strong></span> <span class='ocrx_word' id='word_1_44' title='bbox 1352 1039 1592 1089; x_wconf 85' lang='lat' dir='ltr'><strong>nectere</strong></span> <span class='ocrx_word' id='word_1_45' title='bbox 1643 1049 1874 1103; x_wconf 87' lang='lat' dir='ltr'><strong>casses,</strong></span> 
     </span>
     <span class='ocr_line' id='line_1_11' title="bbox 315 1115 1591 1193; baseline 0 -19"><span class='ocrx_word' id='word_1_46' title='bbox 315 1118 442 1174; x_wconf 91' lang='lat' dir='ltr'><strong>Aut</strong></span> <span class='ocrx_word' id='word_1_47' title='bbox 488 1115 649 1172; x_wconf 85' lang='lat' dir='ltr'><strong>dulci</strong></span> <span class='ocrx_word' id='word_1_48' title='bbox 687 1115 925 1193; x_wconf 81' lang='lat' dir='ltr'><strong>linguas</strong></span> <span class='ocrx_word' id='word_1_49' title='bbox 972 1116 1358 1191; x_wconf 80' lang='lat' dir='ltr'><strong>prostituisse</strong></span> <span class='ocrx_word' id='word_1_50' title='bbox 1398 1116 1591 1188; x_wconf 89' lang='lat' dir='ltr'><strong>lucr0,</strong></span> 
     </span>
     <span class='ocr_line' id='line_1_12' title="bbox 235 1200 1885 1275; baseline 0 -17"><span class='ocrx_word' id='word_1_51' title='bbox 235 1200 600 1274; x_wconf 85' lang='lat' dir='ltr'><strong>Heroasque</strong></span> <span class='ocrx_word' id='word_1_52' title='bbox 646 1217 876 1272; x_wconf 82' lang='lat' dir='ltr'><strong>sacrOS,</strong></span> <span class='ocrx_word' id='word_1_53' title='bbox 917 1220 1071 1275; x_wconf 91' lang='lat' dir='ltr'><strong>quos</strong></span> <span class='ocrx_word' id='word_1_54' title='bbox 1107 1201 1339 1275; x_wconf 85' lang='lat' dir='ltr'><strong>Iupiter</strong></span> <span class='ocrx_word' id='word_1_55' title='bbox 1373 1219 1601 1275; x_wconf 88' lang='lat' dir='ltr'><strong>aequus</strong></span> <span class='ocrx_word' id='word_1_56' title='bbox 1641 1201 1885 1274; x_wconf 84' lang='lat' dir='ltr'><strong>amavit,</strong></span> 
     </span>
     <span class='ocr_line' id='line_1_13' title="bbox 320 1284 1699 1360; baseline -0.002 -16"><span class='ocrx_word' id='word_1_57' title='bbox 320 1284 473 1344; x_wconf 85' lang='lat' dir='ltr'><strong>Cum</strong></span> <span class='ocrx_word' id='word_1_58' title='bbox 517 1284 732 1342; x_wconf 88' lang='lat' dir='ltr'><strong>studiis</strong></span> <span class='ocrx_word' id='word_1_59' title='bbox 781 1304 1040 1360; x_wconf 84' lang='lat' dir='ltr'><strong>propera</strong></span> <span class='ocrx_word' id='word_1_60' title='bbox 1082 1295 1276 1344; x_wconf 88' lang='lat' dir='ltr'><strong>morte</strong></span> <span class='ocrx_word' id='word_1_61' title='bbox 1320 1286 1516 1360; x_wconf 89' lang='lat' dir='ltr'><strong>perire</strong></span> <span class='ocrx_word' id='word_1_62' title='bbox 1553 1284 1699 1343; x_wconf 88' lang='lat' dir='ltr'><strong>suis.</strong></span> 
     </span>
     <span class='ocr_line' id='line_1_14' title="bbox 236 1369 1897 1445; baseline 0 -17"><span class='ocrx_word' id='word_1_63' title='bbox 236 1370 327 1428; x_wconf 91' lang='lat' dir='ltr'><strong>Te</strong></span> <span class='ocrx_word' id='word_1_64' title='bbox 369 1388 610 1443; x_wconf 91' lang='lat' dir='ltr'><strong>quoque</strong></span> <span class='ocrx_word' id='word_1_65' title='bbox 653 1369 977 1429; x_wconf 84' lang='lat' dir='ltr'><strong>Barbaries</strong></span> <span class='ocrx_word' id='word_1_66' title='bbox 1017 1371 1213 1429; x_wconf 88' lang='lat' dir='ltr'><strong>nostri</strong></span> <span class='ocrx_word' id='word_1_67' title='bbox 1256 1389 1332 1428; x_wconf 90' lang='lat' dir='ltr'><strong>ne</strong></span> <span class='ocrx_word' id='word_1_68' title='bbox 1378 1370 1702 1445; x_wconf 86' lang='lat' dir='ltr'><strong>stringeret</strong></span> <span class='ocrx_word' id='word_1_69' title='bbox 1741 1369 1897 1441; x_wconf 85' lang='lat' dir='ltr'><strong>aevi,</strong></span> 
     </span>
     <span class='ocr_line' id='line_1_15' title="bbox 318 1453 1659 1531; baseline -0.001 -18"><span class='ocrx_word' id='word_1_70' title='bbox 318 1453 627 1513; x_wconf 88' lang='lat' dir='ltr'><strong>Credibile</strong></span> <span class='ocrx_word' id='word_1_71' title='bbox 673 1463 768 1512; x_wconf 90' lang='lat' dir='ltr'><strong>est</strong></span> <span class='ocrx_word' id='word_1_72' title='bbox 807 1455 981 1531; x_wconf 91' lang='lat' dir='ltr'><strong>ipsos</strong></span> <span class='ocrx_word' id='word_1_73' title='bbox 1022 1454 1410 1514; x_wconf 88' lang='lat' dir='ltr'><strong>consuluisse</strong></span> <span class='ocrx_word' id='word_1_74' title='bbox 1452 1453 1659 1512; x_wconf 78' lang='lat' dir='ltr'><strong>Deos:</strong></span> 
     </span>
     <span class='ocr_line' id='line_1_16' title="bbox 234 1540 1693 1618; baseline -0.003 -18"><span class='ocrx_word' id='word_1_75' title='bbox 234 1541 437 1615; x_wconf 86' lang='lat' dir='ltr'><strong>thue</strong></span> <span class='ocrx_word' id='word_1_76' title='bbox 484 1542 740 1596; x_wconf 81' lang='lat' dir='ltr'><strong>Astraea</strong></span> <span class='ocrx_word' id='word_1_77' title='bbox 783 1541 948 1598; x_wconf 90' lang='lat' dir='ltr'><strong>omni</strong></span> <span class='ocrx_word' id='word_1_78' title='bbox 995 1541 1172 1599; x_wconf 88' lang='lat' dir='ltr'><strong>terris</strong></span> <span class='ocrx_word' id='word_1_79' title='bbox 1215 1541 1437 1616; x_wconf 83' lang='lat' dir='ltr'><strong>pietate</strong></span> <span class='ocrx_word' id='word_1_80' title='bbox 1488 1540 1693 1618; x_wconf 81' lang='lat' dir='ltr'><strong>fugata</strong></span> 
     </span>
     <span class='ocr_line' id='line_1_17' title="bbox 319 1622 1842 1702; baseline -0.002 -18"><span class='ocrx_word' id='word_1_81' title='bbox 319 1624 551 1684; x_wconf 86' lang='lat' dir='ltr'><strong>Ultima</strong></span> <span class='ocrx_word' id='word_1_82' title='bbox 596 1624 670 1681; x_wconf 91' lang='lat' dir='ltr'><strong>de</strong></span> <span class='ocrx_word' id='word_1_83' title='bbox 713 1622 1013 1700; x_wconf 86' lang='lat' dir='ltr'><strong>Superum</strong></span> <span class='ocrx_word' id='word_1_84' title='bbox 1057 1633 1236 1702; x_wconf 87' lang='lat' dir='ltr'><strong>gente</strong></span> <span class='ocrx_word' id='word_1_85' title='bbox 1281 1624 1524 1699; x_wconf 89' lang='lat' dir='ltr'><strong>reliquit</strong></span> <span class='ocrx_word' id='word_1_86' title='bbox 1561 1622 1842 1694; x_wconf 77' lang='lat' dir='ltr'><strong>humum3</strong></span> 
     </span>
     <span class='ocr_line' id='line_1_18' title="bbox 235 1707 2031 1784; baseline -0.001 -15"><span class='ocrx_word' id='word_1_87' title='bbox 235 1707 340 1769; x_wconf 91' lang='lat' dir='ltr'><strong>Sic</strong></span> <span class='ocrx_word' id='word_1_88' title='bbox 380 1710 492 1767; x_wconf 90' lang='lat' dir='ltr'><strong>tibi</strong></span> <span class='ocrx_word' id='word_1_89' title='bbox 537 1729 663 1767; x_wconf 90' lang='lat' dir='ltr'><strong>non</strong></span> <span class='ocrx_word' id='word_1_90' title='bbox 706 1711 829 1767; x_wconf 81' lang='lat' dir='ltr'><strong>vita</strong></span> <span class='ocrx_word' id='word_1_91' title='bbox 866 1710 1035 1784; x_wconf 89' lang='lat' dir='ltr'><strong>haec,</strong></span> <span class='ocrx_word' id='word_1_92' title='bbox 1084 1730 1208 1768; x_wconf 90' lang='lat' dir='ltr'><strong>non</strong></span> <span class='ocrx_word' id='word_1_93' title='bbox 1251 1709 1434 1768; x_wconf 90' lang='lat' dir='ltr'><strong>tellus</strong></span> <span class='ocrx_word' id='word_1_94' title='bbox 1480 1718 1618 1767; x_wconf 87' lang='lat' dir='ltr'><strong>ante</strong></span> <span class='ocrx_word' id='word_1_95' title='bbox 1660 1709 1871 1767; x_wconf 85' lang='lat' dir='ltr'><strong>relicta</strong></span> <span class='ocrx_word' id='word_1_96' title='bbox 1916 1717 2031 1781; x_wconf 85' lang='lat' dir='ltr'><strong>est,</strong></span> 
     </span>
     <span class='ocr_line' id='line_1_19' title="bbox 318 1794 1737 1870; baseline -0.001 -18"><span class='ocrx_word' id='word_1_97' title='bbox 318 1796 491 1852; x_wconf 84' lang='lat' dir='ltr'><strong>Iusta</strong></span> <span class='ocrx_word' id='word_1_98' title='bbox 533 1794 964 1868; x_wconf 85' lang='lat' dir='ltr'><strong>relinquendae</strong></span> <span class='ocrx_word' id='word_1_99' title='bbox 1002 1814 1180 1870; x_wconf 85' lang='lat' dir='ltr'><strong>quam</strong></span> <span class='ocrx_word' id='word_1_100' title='bbox 1224 1795 1334 1853; x_wconf 83' lang='lat' dir='ltr'><strong>tibi</strong></span> <span class='ocrx_word' id='word_1_101' title='bbox 1380 1813 1562 1853; x_wconf 89' lang='lat' dir='ltr'><strong>causa</strong></span> <span class='ocrx_word' id='word_1_102' title='bbox 1605 1795 1737 1852; x_wconf 85' lang='lat' dir='ltr'><strong>fuit.</strong></span> 
     </span>
     <span class='ocr_line' id='line_1_20' title="bbox 234 1877 1960 1954; baseline -0.001 -16"><span class='ocrx_word' id='word_1_103' title='bbox 234 1879 664 1954; x_wconf 84' lang='lat' dir='ltr'><strong>Tempestivus</strong></span> <span class='ocrx_word' id='word_1_104' title='bbox 706 1880 863 1951; x_wconf 88' lang='lat' dir='ltr'><strong>abis,</strong></span> <span class='ocrx_word' id='word_1_105' title='bbox 902 1899 1085 1954; x_wconf 87' lang='lat' dir='ltr'><strong>quum</strong></span> <span class='ocrx_word' id='word_1_106' title='bbox 1130 1880 1240 1952; x_wconf 85' lang='lat' dir='ltr'><strong>nil,</strong></span> <span class='ocrx_word' id='word_1_107' title='bbox 1286 1880 1449 1954; x_wconf 90' lang='lat' dir='ltr'><strong>quod</strong></span> <span class='ocrx_word' id='word_1_108' title='bbox 1490 1880 1673 1937; x_wconf 88' lang='lat' dir='ltr'><strong>rebus</strong></span> <span class='ocrx_word' id='word_1_109' title='bbox 1715 1878 1781 1938; x_wconf 91' lang='lat' dir='ltr'><strong>in</strong></span> <span class='ocrx_word' id='word_1_110' title='bbox 1821 1877 1960 1936; x_wconf 82' lang='lat' dir='ltr'><strong>istis</strong></span> 
     </span>
     <span class='ocr_line' id='line_1_21' title="bbox 319 1964 1822 2040; baseline -0.001 -18"><span class='ocrx_word' id='word_1_111' title='bbox 319 1965 654 2037; x_wconf 85' lang='lat' dir='ltr'><strong>Laudares‚</strong></span> <span class='ocrx_word' id='word_1_112' title='bbox 684 1964 784 2022; x_wconf 78' lang='lat' dir='ltr'><strong>‚nil</strong></span> <span class='ocrx_word' id='word_1_113' title='bbox 822 1985 969 2038; x_wconf 92' lang='lat' dir='ltr'><strong>non,</strong></span> <span class='ocrx_word' id='word_1_114' title='bbox 1015 1965 1170 2040; x_wconf 87' lang='lat' dir='ltr'><strong>quod</strong></span> <span class='ocrx_word' id='word_1_115' title='bbox 1212 1965 1578 2039; x_wconf 84' lang='lat' dir='ltr'><strong>querereris,</strong></span> <span class='ocrx_word' id='word_1_116' title='bbox 1622 1973 1767 2022; x_wconf 86' lang='lat' dir='ltr'><strong>erat.</strong></span> <span class='ocrx_word' id='word_1_117' title='bbox 1818 1976 1822 1980; x_wconf 74' lang='grc'><strong><em>’</em></strong></span> 
     </span>
     <span class='ocr_line' id='line_1_22' title="bbox 232 2048 1639 2128; baseline -0.001 -19"><span class='ocrx_word' id='word_1_118' title='bbox 232 2050 402 2127; x_wconf 83' lang='lat' dir='ltr'><strong>Ergo</strong></span> <span class='ocrx_word' id='word_1_119' title='bbox 444 2049 757 2127; x_wconf 82' lang='lat' dir='ltr'><strong>neglectae</strong></span> <span class='ocrx_word' id='word_1_120' title='bbox 798 2049 1097 2125; x_wconf 49' lang='lat' dir='ltr'><strong>linquens¹</strong></span> <span class='ocrx_word' id='word_1_121' title='bbox 1123 2048 1403 2128; x_wconf 86' lang='lat' dir='ltr'><strong>contagia</strong></span> <span class='ocrx_word' id='word_1_122' title='bbox 1444 2058 1639 2108; x_wconf 86' lang='lat' dir='ltr'><strong>terrae</strong></span> 
     </span>
     <span class='ocr_line' id='line_1_23' title="bbox 320 2135 1534 2211; baseline 0.001 -19"><span class='ocrx_word' id='word_1_123' title='bbox 320 2136 490 2192; x_wconf 88' lang='lat' dir='ltr'><strong>Inter</strong></span> <span class='ocrx_word' id='word_1_124' title='bbox 536 2135 813 2193; x_wconf 87' lang='lat' dir='ltr'><strong>sidereos</strong></span> <span class='ocrx_word' id='word_1_125' title='bbox 859 2136 1037 2195; x_wconf 79' lang='lat' dir='ltr'><strong>stella</strong></span> <span class='ocrx_word' id='word_1_126' title='bbox 1080 2144 1320 2211; x_wconf 81' lang='lat' dir='ltr'><strong>recepta</strong></span> <span class='ocrx_word' id='word_1_127' title='bbox 1363 2135 1534 2195; x_wconf 88' lang='lat' dir='ltr'><strong>sinus</strong></span> 
     </span>
     <span class='ocr_line' id='line_1_24' title="bbox 237 2213 1661 2280; baseline -0.002 0"><span class='ocrx_word' id='word_1_128' title='bbox 237 2220 464 2280; x_wconf 87' lang='lat' dir='ltr'><strong>Omnia</strong></span> <span class='ocrx_word' id='word_1_129' title='bbox 503 2213 807 2278; x_wconf 87' lang='lat' dir='ltr'><strong>Lunarem</strong></span> <span class='ocrx_word' id='word_1_130' title='bbox 851 2221 971 2278; x_wconf 85' lang='lat' dir='ltr'><strong>late</strong></span> <span class='ocrx_word' id='word_1_131' title='bbox 1016 2221 1287 2279; x_wconf 85' lang='lat' dir='ltr'><strong>subiecta</strong></span> <span class='ocrx_word' id='word_1_132' title='bbox 1328 2222 1438 2278; x_wconf 91' lang='lat' dir='ltr'><strong>sub</strong></span> <span class='ocrx_word' id='word_1_133' title='bbox 1485 2239 1661 2277; x_wconf 85' lang='lat' dir='ltr'><strong>axem</strong></span> 
     </span>
     <span class='ocr_line' id='line_1_25' title="bbox 322 2304 1423 2380; baseline 0.002 -18"><span class='ocrx_word' id='word_1_134' title='bbox 322 2305 662 2380; x_wconf 87' lang='lat' dir='ltr'><strong>Despectas</strong></span> <span class='ocrx_word' id='word_1_135' title='bbox 708 2304 901 2364; x_wconf 86' lang='lat' dir='ltr'><strong>oculis</strong></span> <span class='ocrx_word' id='word_1_136' title='bbox 948 2306 1240 2364; x_wconf 88' lang='lat' dir='ltr'><strong>inferiora</strong></span> <span class='ocrx_word' id='word_1_137' title='bbox 1284 2306 1423 2364; x_wconf 80' lang='lat' dir='ltr'><strong>tuis,</strong></span> 
     </span>
     <span class='ocr_line' id='line_1_26' title="bbox 232 2388 1793 2467; baseline -0.001 -20"><span class='ocrx_word' id='word_1_138' title='bbox 232 2389 384 2448; x_wconf 88' lang='lat' dir='ltr'><strong>Non</strong></span> <span class='ocrx_word' id='word_1_139' title='bbox 432 2399 525 2448; x_wconf 83' lang='lat' dir='ltr'><strong>est</strong></span> <span class='ocrx_word' id='word_1_140' title='bbox 565 2390 839 2448; x_wconf 87' lang='lat' dir='ltr'><strong>mortalis</strong></span> <span class='ocrx_word' id='word_1_141' title='bbox 883 2391 1168 2467; x_wconf 89' lang='lat' dir='ltr'><strong>(gemitus</strong></span> <span class='ocrx_word' id='word_1_142' title='bbox 1210 2390 1516 2464; x_wconf 89' lang='lat' dir='ltr'><strong>absistite)</strong></span> <span class='ocrx_word' id='word_1_143' title='bbox 1561 2388 1793 2446; x_wconf 86' lang='lat' dir='ltr'><strong>Dousa.</strong></span> 
     </span>
     <span class='ocr_line' id='line_1_27' title="bbox 324 2471 1724 2534; baseline -0.004 -1"><span class='ocrx_word' id='word_1_144' title='bbox 324 2474 465 2533; x_wconf 89' lang='lat' dir='ltr'><strong>Non</strong></span> <span class='ocrx_word' id='word_1_145' title='bbox 509 2482 606 2532; x_wconf 88' lang='lat' dir='ltr'><strong>est</strong></span> <span class='ocrx_word' id='word_1_146' title='bbox 650 2475 928 2534; x_wconf 85' lang='lat' dir='ltr'><strong>mortalis</strong></span> <span class='ocrx_word' id='word_1_147' title='bbox 975 2475 1209 2534; x_wconf 85' lang='lat' dir='ltr'><strong>Dousa.</strong></span> <span class='ocrx_word' id='word_1_148' title='bbox 1257 2475 1494 2533; x_wconf 88' lang='lat' dir='ltr'><strong>facesse</strong></span> <span class='ocrx_word' id='word_1_149' title='bbox 1535 2471 1724 2530; x_wconf 88' lang='lat' dir='ltr'><strong>dolor.</strong></span> 
     </span>
     <span class='ocr_line' id='line_1_28' title="bbox 238 2556 1725 2635; baseline -0.005 -15"><span class='ocrx_word' id='word_1_150' title='bbox 238 2560 295 2620; x_wconf 90' lang='lat' dir='ltr'>O</span> <span class='ocrx_word' id='word_1_151' title='bbox 340 2578 470 2632; x_wconf 88' lang='lat' dir='ltr'><strong>vos,</strong></span> <span class='ocrx_word' id='word_1_152' title='bbox 517 2560 622 2635; x_wconf 90' lang='lat' dir='ltr'><strong>qui</strong></span> <span class='ocrx_word' id='word_1_153' title='bbox 660 2560 862 2618; x_wconf 87' lang='lat' dir='ltr'><strong>vivum</strong></span> <span class='ocrx_word' id='word_1_154' title='bbox 902 2560 1178 2619; x_wconf 87' lang='lat' dir='ltr'><strong>Dousam</strong></span> <span class='ocrx_word' id='word_1_155' title='bbox 1221 2559 1468 2617; x_wconf 85' lang='lat' dir='ltr'><strong>fovistis</strong></span> <span class='ocrx_word' id='word_1_156' title='bbox 1516 2556 1725 2614; x_wconf 85' lang='lat' dir='ltr'><strong>amici:</strong></span> 
     </span>
     <span class='ocr_line' id='line_1_29' title="bbox 328 2641 1678 2705; baseline -0.005 0"><span class='ocrx_word' id='word_1_157' title='bbox 328 2645 381 2705; x_wconf 92' lang='lat' dir='ltr'>O</span> <span class='ocrx_word' id='word_1_158' title='bbox 429 2664 536 2702; x_wconf 85' lang='lat' dir='ltr'><strong>vos</strong></span> <span class='ocrx_word' id='word_1_159' title='bbox 581 2643 878 2703; x_wconf 87' lang='lat' dir='ltr'><strong>Dousiaci</strong></span> <span class='ocrx_word' id='word_1_160' title='bbox 919 2646 1117 2703; x_wconf 85' lang='lat' dir='ltr'><strong>dulcia</strong></span> <span class='ocrx_word' id='word_1_161' title='bbox 1162 2645 1431 2702; x_wconf 88' lang='lat' dir='ltr'><strong>membra</strong></span> <span class='ocrx_word' id='word_1_162' title='bbox 1478 2641 1678 2700; x_wconf 84' lang='lat' dir='ltr'><strong>chori:</strong></span> 
     </span>
     <span class='ocr_line' id='line_1_30' title="bbox 233 2728 1617 2805; baseline -0.005 -15"><span class='ocrx_word' id='word_1_163' title='bbox 233 2730 462 2790; x_wconf 85' lang='lat' dir='ltr'><strong>Exuite</strong></span> <span class='ocrx_word' id='word_1_164' title='bbox 507 2738 737 2788; x_wconf 77' lang='lat' dir='ltr'><strong>stratos</strong></span> <span class='ocrx_word' id='word_1_165' title='bbox 782 2732 1116 2805; x_wconf 87' lang='lat' dir='ltr'><strong>gestamina</strong></span> <span class='ocrx_word' id='word_1_166' title='bbox 1158 2729 1357 2788; x_wconf 88' lang='lat' dir='ltr'><strong>tristia</strong></span> <span class='ocrx_word' id='word_1_167' title='bbox 1404 2728 1617 2786; x_wconf 86' lang='lat' dir='ltr'><strong>cultus.</strong></span> 
     </span>
     <span class='ocr_line' id='line_1_31' title="bbox 323 2810 1856 2892; baseline -0.001 -21"><span class='ocrx_word' id='word_1_168' title='bbox 323 2814 451 2872; x_wconf 81' lang='lat' dir='ltr'><strong>Ista</strong></span> <span class='ocrx_word' id='word_1_169' title='bbox 489 2814 689 2873; x_wconf 88' lang='lat' dir='ltr'><strong>minus</strong></span> <span class='ocrx_word' id='word_1_170' title='bbox 729 2815 955 2874; x_wconf 89' lang='lat' dir='ltr'><strong>misero</strong></span> <span class='ocrx_word' id='word_1_171' title='bbox 1009 2826 1104 2874; x_wconf 88' lang='lat' dir='ltr'><strong>est</strong></span> <span class='ocrx_word' id='word_1_172' title='bbox 1149 2816 1335 2892; x_wconf 86' lang='lat' dir='ltr'><strong>digna</strong></span> <span class='ocrx_word' id='word_1_173' title='bbox 1373 2813 1579 2872; x_wconf 88' lang='lat' dir='ltr'><strong>colore</strong></span> <span class='ocrx_word' id='word_1_174' title='bbox 1626 2810 1856 2869; x_wconf 89' lang='lat' dir='ltr'><strong>domus.</strong></span> 
     </span>
     <span class='ocr_line' id='line_1_32' title="bbox 238 2897 1712 2975; baseline -0.001 -19"><span class='ocrx_word' id='word_1_175' title='bbox 238 2900 445 2975; x_wconf 83' lang='lat' dir='ltr'><strong>Quum</strong></span> <span class='ocrx_word' id='word_1_176' title='bbox 487 2899 705 2958; x_wconf 84' lang='lat' dir='ltr'><strong>Dousa</strong></span> <span class='ocrx_word' id='word_1_177' title='bbox 743 2908 990 2957; x_wconf 87' lang='lat' dir='ltr'><strong>aeterna</strong></span> <span class='ocrx_word' id='word_1_178' title='bbox 1031 2900 1275 2958; x_wconf 84' lang='lat' dir='ltr'><strong>mutarit</strong></span> <span class='ocrx_word' id='word_1_179' title='bbox 1314 2900 1527 2957; x_wconf 84' lang='lat' dir='ltr'><strong>funera</strong></span> <span class='ocrx_word' id='word_1_180' title='bbox 1569 2897 1712 2968; x_wconf 84' lang='lat' dir='ltr'><strong>vita,</strong></span> 
     </span>
     <span class='ocr_line' id='line_1_33' title="bbox 324 2981 1830 3044; baseline -0.003 -2"><span class='ocrx_word' id='word_1_181' title='bbox 324 2984 656 3043; x_wconf 83' lang='lat' dir='ltr'><strong>Funestam</strong></span> <span class='ocrx_word' id='word_1_182' title='bbox 700 2983 953 3043; x_wconf 87' lang='lat' dir='ltr'><strong>Dousae</strong></span> <span class='ocrx_word' id='word_1_183' title='bbox 997 3001 1121 3044; x_wconf 90' lang='lat' dir='ltr'><strong>non</strong></span> <span class='ocrx_word' id='word_1_184' title='bbox 1163 2986 1337 3043; x_wconf 85' lang='lat' dir='ltr'><strong>decet</strong></span> <span class='ocrx_word' id='word_1_185' title='bbox 1381 3002 1521 3043; x_wconf 89' lang='lat' dir='ltr'><strong>esse</strong></span> <span class='ocrx_word' id='word_1_186' title='bbox 1565 2981 1830 3039; x_wconf 89' lang='lat' dir='ltr'><strong>domum.</strong></span> 
     </span>
    </p>
   </div>
   <div class='ocr_carea' id='block_1_4' title="bbox 238 3142 1926 3485">
    <p class='ocr_par' dir='ltr' id='par_1_4' title="bbox 238 3142 1926 3485">
     <span class='ocr_line' id='line_1_34' title="bbox 387 3142 1926 3229; baseline -0.001 -19"><span class='ocrx_word' id='word_1_187' title='bbox 387 3152 446 3210; x_wconf 89' lang='lat'><strong>9.</strong></span> <span class='ocrx_word' id='word_1_188' title='bbox 539 3154 888 3229; x_wconf 70' lang='lat' dir='ltr'><strong>Epicadium</strong></span> <span class='ocrx_word' id='word_1_189' title='bbox 932 3157 994 3211; x_wconf 82' lang='lat' dir='ltr'><strong>in</strong></span> <span class='ocrx_word' id='word_1_190' title='bbox 1037 3155 1252 3212; x_wconf 82' lang='lat' dir='ltr'><strong>obitum</strong></span> <span class='ocrx_word' id='word_1_191' title='bbox 1303 3152 1369 3211; x_wconf 92' lang='lat' dir='ltr'><strong>V.</strong></span> <span class='ocrx_word' id='word_1_192' title='bbox 1422 3150 1485 3209; x_wconf 78' lang='lat' dir='ltr'><strong>O.</strong></span> <span class='ocrx_word' id='word_1_193' title='bbox 1527 3152 1679 3208; x_wconf 81' lang='lat' dir='ltr'><strong>Iusti</strong></span> <span class='ocrx_word' id='word_1_194' title='bbox 1718 3142 1926 3225; x_wconf 66' lang='lat' dir='ltr'><strong>Lipsi-</strong></span> 
     </span>
     <span class='ocr_line' id='line_1_35' title="bbox 241 3235 1671 3311; baseline -0.003 -15"><span class='ocrx_word' id='word_1_195' title='bbox 241 3235 532 3311; x_wconf 81' lang='lat' dir='ltr'><strong>Quisquis</strong></span> <span class='ocrx_word' id='word_1_196' title='bbox 579 3238 840 3297; x_wconf 87' lang='lat' dir='ltr'><strong>fecundo</strong></span> <span class='ocrx_word' id='word_1_197' title='bbox 889 3239 1217 3297; x_wconf 90' lang='lat' dir='ltr'><strong>studiorum</strong></span> <span class='ocrx_word' id='word_1_198' title='bbox 1264 3236 1472 3294; x_wconf 91' lang='lat' dir='ltr'><strong>nobile</strong></span> <span class='ocrx_word' id='word_1_199' title='bbox 1511 3235 1671 3292; x_wconf 87' lang='lat' dir='ltr'><strong>cultu</strong></span> 
     </span>
     <span class='ocr_line' id='line_1_36' title="bbox 238 3320 1795 3399; baseline -0.002 -20"><span class='ocrx_word' id='word_1_200' title='bbox 238 3322 605 3394; x_wconf 85' lang='lat' dir='ltr'><strong>Lovanium,</strong></span> <span class='ocrx_word' id='word_1_201' title='bbox 646 3324 927 3390; x_wconf 64' lang='lat' dir='ltr'><strong>‚celebres</strong></span> <span class='ocrx_word' id='word_1_202' title='bbox 965 3323 1165 3399; x_wconf 88' lang='lat' dir='ltr'><strong>Belgii</strong></span> <span class='ocrx_word' id='word_1_203' title='bbox 1204 3321 1481 3379; x_wconf 88' lang='lat' dir='ltr'><strong>florentis</strong></span> <span class='ocrx_word' id='word_1_204' title='bbox 1522 3320 1795 3378; x_wconf 86' lang='lat' dir='ltr'><strong>Athenas</strong></span> 
     </span>
     <span class='ocr_line' id='line_1_37' title="bbox 238 3404 1734 3485; baseline 0 -22"><span class='ocrx_word' id='word_1_205' title='bbox 238 3407 342 3464; x_wconf 90' lang='lat' dir='ltr'><strong>Ire</strong></span> <span class='ocrx_word' id='word_1_206' title='bbox 383 3426 584 3483; x_wconf 87' lang='lat' dir='ltr'><strong>paras,</strong></span> <span class='ocrx_word' id='word_1_207' title='bbox 623 3408 823 3485; x_wconf 91' lang='lat' dir='ltr'><strong>Lipsii</strong></span> <span class='ocrx_word' id='word_1_208' title='bbox 864 3408 1397 3468; x_wconf 47' lang='lat' dir='ltr'><strong>doctos-haustum</strong></span> <span class='ocrx_word' id='word_1_209' title='bbox 1442 3404 1734 3478; x_wconf 90' lang='lat' dir='ltr'><strong>liquores,</strong></span> 
     </span>
    </p>
   </div>
   <div class='ocr_carea' id='block_1_5' title="bbox 241 3489 1858 3632">
    <p class='ocr_par' dir='ltr' id='par_1_5' title="bbox 241 3489 1858 3632">
     <span class='ocr_line' id='line_1_38' title="bbox 241 3489 1858 3632; baseline -0.006 -79"><span class='ocrx_word' id='word_1_210' title='bbox 241 3490 410 3553; x_wconf 87' lang='lat' dir='ltr'><strong>Siste</strong></span> <span class='ocrx_word' id='word_1_211' title='bbox 453 3492 723 3569; x_wconf 80' lang='lat' dir='ltr'><strong>gradum,</strong></span> <span class='ocrx_word' id='word_1_212' title='bbox 770 3494 825 3553; x_wconf 90' lang='lat' dir='ltr'><strong>si</strong></span> <span class='ocrx_word' id='word_1_213' title='bbox 866 3494 1023 3552; x_wconf 83' lang='lat' dir='ltr'><strong>forte</strong></span> <span class='ocrx_word' id='word_1_214' title='bbox 1065 3501 1199 3551; x_wconf 87' lang='lat' dir='ltr'><strong>tuas</strong></span> <span class='ocrx_word' id='word_1_215' title='bbox 1243 3489 1647 3632; x_wconf 67' lang='lat' dir='ltr'><strong>non&#39;impul7it</strong></span> <span class='ocrx_word' id='word_1_216' title='bbox 1680 3503 1858 3548; x_wconf 83' lang='lat' dir='ltr'><strong>aures</strong></span> 
     </span>
    </p>
   </div>
  </div>
 </body>
</html>
