2452 4186
1225 292 1348 351 3¹8

233 453 339 507 940
376 457 485 518 Ch.
567 457 674 516 Nil
719 459 938 517 mirum
986 469 1046 518 et
1085 461 1326 533 iterum,
1373 461 1610 532 mulier,
1653 463 1955 537 eiularier,

373 545 608 604 Orbata
644 543 751 601 tali
792 563 944 619 quae
989 547 1168 606 modo
1215 565 1426 606 careas
1465 547 1610 605 viro.

373 629 519 687 Tec.
570 629 799 706 Opinio
848 630 924 687 ad
968 639 1049 703 te,
1097 650 1319 692 sensus
1351 632 1444 691 ‘ad
1485 652 1583 690 me
1621 632 1900 708 pertinet.

373 712 483 772 Ch.
570 714 874 772 Fatemur.

373 799 518 856 Tec.
566 799 621 858 Ο
666 808 877 877 gnate:
924 801 1088 874 quod
1124 820 1241 860 nos
1288 802 1597 861 servitutis
1642 821 1800 860 nunc
1846 811 2058 861 manet

234 877 338 933 945
372 884 627 962 Iugum?
666 885 963 959 quibusve
1007 886 1339 962 premimur
1385 887 1842 946 insessoribus?

464 1023 469 1026 ,
978 970 1035 1028 2.
1079 971 1469 1048 Antistropha
1521 972 1578 1030 V
1685 993 1688 1004 ²

371 1052 479 1113 Ch.
557 1053 654 1110 Ah
698 1053 1004 1131 geminum
1051 1056 1217 1113 sensi
1659 1085 1664 1098 =

370 1138 462 1196 Te
506 1138 668 1194 facta
713 1138 939 1214 profari

368 1222 656 1281 Nefanda
697 1224 1016 1299 imperato-

374 1328 535 1365 -rum
575 1307 713 1365 huic
752 1328 975 1386 magno
1018 1312 1200 1371 malo.

374 1391 500 1454 Sed
544 1393 804 1469 repellat
846 1393 1038 1454 Deus.

232 1466 338 1521 950
375 1478 519 1537 Tec.
565 1478 713 1536 Non
758 1479 1122 1540 accidissent
1161 1482 1312 1538 haec
1356 1483 1512 1543 Deis
1554 1484 1922 1543 nolentibus.

376 1562 487 1622 Ch.
575 1562 697 1623 Sed
743 1564 899 1623 mole
943 1566 1192 1630 nimium
1236 1586 1350 1625 nos
1398 1570 1568 1645 gravi
1611 1578 1893 1645 premunt
1934 1571 2103 1628 mali.

377 1648 523 1706 Tec.
570 1647 757 1707 Tales
798 1649 1005 1709 ruinas
1044 1659 1210 1708 creta
1254 1671 1539 1730 supremo
1582 1655 1731 1713 Iove

372 1734 648 1794 Minerva
688 1733 935 1810 Ulyssis
984 1754 1170 1794 saeva
1208 1738 1456 1797 molitur
1499 1740 1710 1798 vicem.

915 1821 972 1877 3.
1021 1822 1412 1899 Antistropha
1463 1825 1644 1884 VIII.

375 1901 486 1961 Ch.
571 1902 768 1978 Quam
814 1906 995 1965 tacite
1040 1924 1246 1964 secum

368 1989 571 2045 Mente
619 1986 839 2046 dolosa
880 1990 973 2046 vir

368 2072 705 2144 Renidens,
751 2074 1108 2149 obstrepens

371 2156 724 2230 Cachinnat‚
769 2167 828 2216 et
871 2178 1056 2235 super
1095 2160 1328 2218 domini

368 2243 586 2323 Rabie,
631 2251 691 2299 et
730 2244 935 2302 furore
982 2244 1156 2302 ridet.

377 2326 540 2401 Heu,
584 2328 734 2386 heu!

371 2413 528 2470 Tum
569 2422 768 2471 autem
815 2422 874 2471 et
904 2414 1007 2472 ubi
1044 2414 1346 2472 audierint
1385 2416 1533 2472 haec

231 2496 337 2550 960
371 2498 576 2557 Duces
625 2499 741 2556 duo
790 2499 1060 2557 Atridae.

371 2583 515 2640 Tec.
603 2584 786 2658 Atqui
831 2585 1210 2656 cachinnent,
1264 2584 1495 2643 homini
1542 2586 1835 2644 insultent
1873 2586 2077 2645 malis.

368 2668 673 2727 Fortassis
718 2677 796 2741 et,
847 2670 902 2727 si
947 2670 1089 2728 vivo
1136 2671 1425 2743 honorem
1464 2690 1589 2728 non
1629 2671 1873 2743 dabant,

368 2753 631 2811 Flebunt
667 2762 1046 2831 peremptum
1084 2755 1306 2814 Martio
1352 2756 1413 2812 in
1463 2755 1827 2827 discrimine.

368 2835 630 2913 Nanque
668 2840 852 2897 homo
902 2840 1149 2898 sinistra
1191 2848 1390 2898 mente
1435 2859 1796 2916 possessum
1841 2843 2070 2900 bonum

233 2923 337 2977 965
371 2922 699 2999 Nunquam
747 2924 917 3001 prius
956 2926 1299 3001 percipere,
1357 2944 1537 3000 quam
1576 2926 1802 2999 amisit,
1848 2926 2026 2985 solet.

368 3010 532 3068 Mors
577 3009 706 3068 eius
758 3008 880 3066 illis
932 3009 1179 3083 dulcior,
1230 3010 1469 3087 gravior
1514 3011 1681 3082 mihi,

369 3094 503 3170 Ipsi
543 3095 779 3152 suavis:
835 3113 1093 3169 namque
1135 3095 1320 3153 habet
1363 3115 1618 3170 quorum
1665 3106 1894 3154 arserat

369 3180 619 3251 Amore,
664 3187 937 3252 mortem,
984 3180 1151 3238 cuius
1190 3187 1480 3255 expetens
1525 3180 1657 3238 fuit.

372 3262 481 3322 Ch.
567 3264 730 3338 Quid
771 3283 915 3323 vero
955 3265 1018 3322 in
1064 3265 1235 3322 illum
1270 3265 1517 3323 riserint
1558 3265 1829 3324 tantum?
1876 3284 2078 3342 neque

230 3348 337 3403 970
374 3349 673 3408 Occubuit
707 3348 831 3407 illis
873 3349 1011 3407 ille:
1058 3370 1207 3408 non:
1254 3369 1460 3408 verum
1507 3350 1678 3409 Deis.

367 3434 466 3492 Ad
510 3434 658 3491 haec
706 3433 964 3509 Ulysses
1005 3454 1320 3511 perperam
1361 3454 1507 3513 ergo
1551 3435 1761 3494 rideat.

368 3518 598 3577 Iudicio
637 3538 845 3577 eorum
891 3520 1068 3594 periit
1102 3521 1300 3581 Aiax:
1348 3529 1410 3578 at
1448 3539 1585 3579 meo
