2452 4186
1234 284 1360 345 250

382 448 485 514 ΙΔ.
539 446 655 512 Ἢν
687 470 781 517 τις
824 448 881 510 0’
931 447 1259 529 αἰνέσσειε,
1310 451 1381 514 σὺ
1425 450 1631 533 γίγνου
1684 451 1814 512 σεῖο
1869 449 2173 532 δικαστής.

555 530 662 617 Μὴ
704 531 947 595 πίστευ’
1000 531 1214 604 ἄλλοις
1250 537 1389 621 περὶ
1436 538 1548 597 σοῦ
1582 532 1797 610 πλέον,
1838 533 1918 617 ἠὲ
1948 537 2209 617 σεαυτῷ.

387 613 492 690 lE.⁴
559 614 685 700 Τὴν
734 616 1087 701 εὐεργεσίην
1138 620 1348 684 ἄλλων
1392 621 1480 683 ἐνὶ
1517 619 1763 681 πλείοσι
1804 617 2083 700 θρύλλει.

537 700 658 765 Ἢν
701 701 771 764 δέ
815 724 872 764 τι
914 701 1060 770 τοὺς
1099 703 1330 774 ἄλλους
1367 704 1437 769 εὖ
1476 704 1683 788 Ξρδης,
1725 705 1919 766 κεῦθε
1964 704 2190 786 σιωπῇ.

386 784 471 855 le.
556 785 775 849 Πολλὰ
794 785 994 871 γέρων
1013 791 1263 852 πολλῶν
1292 787 1678 873 μεμνημένος
1707 784 1859 870 ἔργα
1884 785 2212 868 λόγουςτε,

553 866 902 939 Ἐνδυκέως
950 870 1228 957 μέμνησο
1272 876 1462 958 τάπερ
1509 871 1648 940 νέος
1682 871 1768 934 ὤν
1798 870 1946 933 ποτ’
1975 869 2215 955 ἔοργας.

387 950 485 1017 ΙΖ.
551 951 678 1018 Τοῦ
719 955 996 1040 κρυφίως
1028 958 1110 1040 μή
1154 980 1254 1020 σοι
1281 958 1522 1042 μελέτω
1547 957 1660 1019 τινὶ
1689 958 2212 1037 κοινολογοῦντος.

557 1037 686 1102 Πᾶν
729 1040 939 1122 ὑφορᾷ
963 1042 1113 1105 κάθ’
1138 1043 1387 1119 ἑαυτοῦ,
1420 1042 1487 1111 ὃς
1509 1040 1681 1126 αὐτῷ
1707 1042 1921 1124 φαῦλα
1949 1040 2214 1104 σύνοιδε.

387 1119 497 1183 ΙΗ.
552 1119 660 1186 Ἐν
698 1127 830 1192 ταῖς
868 1125 1178 1211 εὐτυχίαις
1219 1127 1295 1189 τὰ
1341 1127 1532 1211 τύχης
1571 1123 1747 1209 ἐτερό
1792 1125 1928 1208 {zon-²
1980 1123 2190 1187 ἄλευε.

557 1203 718 1291 Οὐχὶ
759 1208 835 1271 τὰ
870 1209 1096 1280 λοίσθι’
1126 1212 1223 1275 ἀεὶ
1268 1215 1394 1279 τοῖς
1435 1213 1702 1295 πρώτοις
1779 1209 1869 1271 στὶ
1917 1209 2186 1293 συνῳδά.

383 1287 487 1353 IG-
553 1288 701 1373 Εἴγε
748 1293 1138 1375 μινυνθάδιος
1178 1296 1308 1381 βίος
1352 1296 1478 1359 ἐστὶ
1522 1296 1624 1357 καὶ
1669 1292 1932 1361 ἄστατος
1969 1294 2174 1376 ἡμῶν,

549 1372 655 1439 Ἐν
704 1375 879 1462 μόρῳ
920 1379 1226 1464 ἀλλοτρίῳ
1264 1381 1370 1464 τὴν
1399 1380 1621 1443 ἐλπίδα
1663 1383 1778 1440 σοῦ
1810 1378 1892 1461 μὴ
1925 1377 2215 1460 ἀναρτᾷν.

384 1455 462 1522 Κ.
551 1456 639 1523 Εἴ
661 1484 717 1523 τι
766 1485 861 1524 σοι
904 1462 1197 1533 ἀκτέανος
1243 1464 1422 1549 φίλος
1467 1464 1715 1532 εὐτελὲς
1746 1464 1962 1525 ὤπασε
1990 1463 2217 1545 δῶρον,

554 1544 865 1629 Δέχνυσαι
895 1548 1228 1631 εὐμενέως,
1244 1551 1346 1612 καὶ
1372 1549 1693 1612 ἐπαίνεσον
1725 1546 1984 1631 εὔφρονι
2009 1546 2214 1627 θυμῷ.

390 1623 528 1690 KA.
555 1624 641 1691 Εἴ
674 1653 741 1692 σε
783 1637 1047 1695 τεκοῦσα
1081 1633 1500 1717 φύσιςγυμνὸν
1518 1632 1759 1740 βρέφος
1779 1630 1893 1715 ἥγε
1921 1630 2098 1716 φόως
2126 1629 2216 1704 δὲ,

543 1709 682 1796 ,Τῆς
728 1715 1165 1820 ἀχρημοσύνης
1210 1717 1409 1802 ἄχθος
1455 1740 1610 1803 φερε
1650 1740 1731 1779 κα
1770 1716 2155 1800 τεροθύμως.

386 1790 520 1857 ΚΒ.
550 1794 655 1880 Μὴ
698 1822 959 1883 τρεσσῃς
1001 1802 1108 1882 τὴν
1147 1807 1309 1885 κῆρα
1340 1803 1475 1887 βίου
1503 1802 1697 1886 πέρας
1834 1823 1976 1863 ατον
2002 1797 2214 1861 οὖσαν.

539 1877 753 1952 ‘'Oc-ct<
795 1889 957 1967 κῆρα
998 1886 1262 1963 δέδοικε,
1310 1889 1413 1949 καὶ
1455 1887 1487 1950 ὃ
1533 1891 1613 1971 ζῇ
1653 1890 1797 1948 τοῦτ
1851 1884 2217 1969 ἀποβάλλει.

386 1960 516 2026 ΚΓ.
554 1962 642 2029 Εἴ
674 1991 728 2029 τι
770 1969 988 2032 παθὼν
1032 1971 1153 2034 ἀπὸ
1200 1976 1307 2034 σεῦ
1354 1971 1588 2054 ἀγαθόν
1615 1994 1702 2039 τις
1735 1971 1816 2053 μὴ
1847 1972 2026 2054 χάριν
2063 1966 2221 2043 οἶδε,

560 2048 665 2134 Μὴ
709 2053 928 2116 τούτου
981 2054 1254 2141 μέμφοιο
1305 2057 1473 2129 θεὸν,
1522 2057 1591 2120 σὲ
1630 2057 1701 2120 δὲ
1743 2060 1908 2118 τῖσον
1957 2051 2201 2116 ἑαυτόν.

387 2130 518 2197 ΚΔ.
548 2133 757 2221 Ὄφρα
781 2139 863 2222 μὴ
888 2139 1141 2224 ἐλλείπῃ
1167 2142 1228 2203 τί
1249 2143 1623 2226 σε,χρήμασι
1653 2138 2040 2226 φειδομένως
2061 2141 2221 2222 χρῶ,

555 2217 643 2282 X'
692 2225 778 2290 ὡς
807 2230 999 2308 τηρῇς
1038 2226 1113 2288 τὰ
1159 2226 1396 2301 ἐνόντα,
1447 2229 1642 2289 λιπεῖν
1691 2225 1795 2288 ἀεί
1833 2247 1887 2286 τι
1936 2223 2172 2305 νόμιζε.

386 2298 520 2366 ΚΕ.
543 2299 717 2369 ‘'O-m
741 2307 891 2392 δύνῃ
923 2315 1311 2417 παραχρῆμα
1326 2310 1534 2393 δόμεν,
1545 2310 1691 2373 τόδε
1708 2311 1789 2393 μὴ
1806 2310 1896 2377 δὶς
1915 2308 2221 2391 ὑπόσχου,

556 2387 661 2474 Μὴ
705 2392 1032 2464 κενόδοξος
1076 2418 1184 2479 εῃς
1229 2395 1465 2459 ἐθέλων
1507 2393 1829 2480 φιλότιμος
1870 2391 2141 2455 ἀκούειν.

386 2468 504 2540 Kc.
555 2471 677 2537 Τόν
711 2499 805 2538 σοι
825 2479 1069 2542 πλαστὰ
1085 2483 1394 2543 λαλοῦντα
1421 2481 1523 2542 καὶ
1549 2479 1624 2542 οὔ
1654 2501 1750 2541 σοι
1770 2477 2217 2562 κηρόθιπιστὸν

546 2555 823 2642 Ἔμπαλι
850 2568 1037 2645 μιμοῦ
1064 2565 1166 2626 καὶ
1187 2565 1280 2626 σύ.
1322 2564 1490 2648 δόλῳ
1522 2562 1707 2632 δόλος
1731 2564 1857 2626 ὧδε
1885 2565 2217 2645 κρατεῖται.

387 2636 516 2703 KZ·
556 2641 817 2729 Ἀνέρας
860 2648 1182 2729 αἱμυλίους
1214 2651 1317 2712 καὶ
1360 2647 1822 2733 χρηστολόγους
1848 2647 1930 2730 μὴ
1962 2646 2219 2709 ἐπαίνει.

417 2804 436 2815 ,
531 2725 635 2790 -‘H
680 2729 883 2813 σύριγξ
926 2733 1057 2814 λιγὺ
1108 2733 1347 2814 μέλπει,
1391 2733 1665 2802 ὅτ’ἰξεὺς
1709 2732 1897 2816 ὄρνεα
1942 2730 2174 2813 θέλγει.

386 2805 654 2875 ΚΗ.”Ην
703 2818 1033 2885 σοιπαῖδες
1064 2816 1235 2894 ἔωσι,
1250 2820 1352 2881 καὶ
1377 2817 1490 2881 οὐκ
1522 2817 1773 2903 ἄφενος,
1802 2817 1873 2879 σὺ
1909 2817 1979 2879 δὲ
2003 2815 2219 2883 τούςδε

555 2894 905 2977 Παιδεύειν,
950 2901 1028 2963 ἵν’
1074 2899 1301 2986 ἔχωσιν
1349 2903 1641 3010 ἀκληριον
1686 2901 1857 2986 ἦμαρ
1903 2902 2217 2963 ἀλαλκεῖν.

386 2974 518 3042 ΚΘ.
561 2977 863 3053 Τούτελὲς
907 2983 1167 3067 ἔντιμον,
1213 2990 1282 3051 τὸ
1327 2989 1396 3050 δὲ
1443 3009 1638 3070 τιμιον
1686 2986 1934 3054 εὐτελὲς
1975 2987 2153 3067 ἡγοῦ.

558 3063 775 3137 Οὕτως
818 3071 889 3132 οὐ
933 3071 1177 3155 φαίνοιο
1226 3073 1619 3156 φιλάργυρος,
1663 3071 1813 3134 οὐδὲ
1854 3070 1926 3132 σὺ
1955 3070 2175 3155 κίμβιξ.

384 3147 455 3209 Λ.
549 3150 653 3235 Μὴ
710 3153 881 3237 ρέΕον
925 3155 978 3217 τὶ
1034 3154 1191 3218 σέων
1242 3155 1591 3238 εἰθισμένος
1635 3156 1766 3218 ἐσσὶ
1808 3156 2095 3226 κακίζειν.

555 3236 827 3322 Αἰσχρὸν
848 3241 1134 3323 ὑφηγητῇ
1163 3240 1216 3302 δ’
1242 3241 1332 3304 ὅτ’
1364 3240 1684 3326 ἐλέγχεται
1703 3239 1888 3308 αὐτὸς
1906 3238 2217 3322 ἁμαρτών.

384 3315 514 3379 ΛΑ.
551 3317 814 3405 Αἴτησαι
852 3326 918 3388 τὸ
970 3325 1203 3388 δίκαιον
1254 3325 1380 3402 ἐὸν,
1424 3325 1494 3388 τό
1539 3347 1604 3387 τε
1645 3321 1822 3407 καλῷ
1870 3322 2090 3391 ἐοικός.

551 3404 810 3476 Αἰτίζειν
859 3407 923 3471 δ’
959 3409 1223 3493 ἀμαθὲς,
1273 3408 1341 3472 τό
1384 3408 1813 3493 τ’ἀνήνασθαι
1835 3406 2014 3490 θέμις
2035 3406 2214 3470 ἐστίν.

383 3485 512 3553 ΛΒ.
551 3487 656 3575 Μὴ
703 3498 979 3573 γνωστοῦ
1036 3495 1279 3576 ἀγνῶτα
1320 3494 1822 3577 προτιμήσασθαι
1861 3492 2126 3577 ἑταίρου.
