2452 4186
1088 311 1169 371 59

293 477 549 551 Persae,
597 487 657 537 et
700 488 969 537 veterum
1012 481 1268 551 Persica
1308 490 1485 560 gesta
1529 483 1765 541 ducum.

209 559 297 620 Ni
333 564 461 622 leto
505 565 834 641 Agathiam
874 567 1136 642 eriperet
1178 567 1535 640 Vulcanius,
1576 568 1719 625 olim

294 650 623 728 Agathiam
666 649 774 707 leti
814 651 1096 710 conderet
1134 652 1261 710 alta
1304 653 1478 710 cinis.

211 733 293 792 Et
330 735 475 807 iam,
523 734 804 806 Vulcani,
848 745 1095 812 propter
1137 746 1218 811 te,
1263 738 1530 797 maxima
1566 755 1764 794 rerum

298 819 410 879 Lis
454 821 616 878 foret
652 820 957 897 Agathian
1006 822 1186 895 inter,
1233 831 1294 880 et
1334 822 1696 881 Historiam.

117 942 121 948 -
218 901 340 964 Sed
384 905 789 963 devinxerunt
825 907 1041 965 ambos
1085 908 1224 969 duo,
1268 908 1543 966 Plurima
1582 907 1763 964 debet

295 990 581 1049 Historia
619 991 946 1068 Agathiae‚
992 992 1171 1068 plura
1207 994 1318 1051 tibi
1363 993 1681 1071 Agathias.

521 1087 680 1137 Anno
722 1084 871 1138 ¹594.

311 1240 412 1299 28.
497 1243 575 1299 In
624 1241 956 1318 Oppianum
998 1262 1038 1300 a
1087 1242 1257 1300 Conr.
1303 1243 1686 1300 Ritterslmsio
1727 1245 1957 1302 editum.

207 1319 551 1386 Ὀππιανοό
592 1323 801 1406 βίβλον
847 1329 1025 1405 τιμῆς
1066 1325 1398 1406 ἠμείψατο,
1443 1325 1685 1406 χρυσὸν-

290 1406 674 1474 Ἀντιὸιδοὺς
716 1406 917 1470 ἐπέων
961 1409 1249 1491 κοίρανος
1295 1407 1621 1489 Αὐσονίης.

205 1490 387 1555 Ἀλλ>
436 1491 572 1553 ἐπεὶ
611 1487 947 1554 Ὀππιανὸν
977 1488 1401 1575 ζΡιτερούσιος
1448 1491 1805 1573 ἐξεπόνησε,

295 1574 556 1659 Κόσμου
603 1576 935 1644 ἀειθαλέος
978 1579 1205 1644 κάλλος
1247 1576 1659 1660 ἐπαμφιέσας,

203 1658 552 1725 Ὀππιανοῦ
600 1660 675 1723 τὰ
715 1663 908 1723 πάλαι
952 1666 1129 1744 τιμῆς
1170 1662 1332 1743 τινὸς
1372 1662 1547 1736 ὤνια,
1587 1664 1825 1745 χρυσοῦ

295 1743 555 1829 Χρόσεα
597 1751 701 1807 νῦν
745 1747 859 1809 οὐκ
906 1747 1039 1808 ἐστ’
1088 1747 1546 1829 ἀντερύσασθαι
1591 1736 1730 1828 ἔπη.

272 1918 374 1977 29.
452 1920 531 1976 In
574 1917 821 1976 Libram
862 1918 1024 1976 Petri
1066 1921 1300 1977 Foresti
1343 1921 1416 1975 de
1457 1919 1670 1975 morbis
1709 1917 1978 1993 Hepatis.

197 1998 425 2063 Ἀλλοι
468 2000 578 2081 μὲν
621 2000 697 2061 τὰ
741 1999 1009 2081 φανέντα
1059 2000 1190 2082 σίνη
1234 2001 1580 2082 θήρευσαν·
1640 1999 1761 2079 ἐγὼ
1811 1999 1879 2060 δὲ

117 2100 128 2105 ’
295 2081 513 2168 Κῆρας
559 2083 659 2147 ἐπ’
712 2083 1097 2169 ἐνδομὺχους
1137 2086 1376 2168 ἥπατος
1418 2083 1587 2169 ἴχνος
1631 2083 1784 2165 ἄγω.

216 2166 635 2252 Τούνδότερον
684 2169 792 2251 μὲν
841 2170 1018 2251 ἐμοὶ,
1063 2175 1192 2237 τοῖς
1232 2168 1293 2236 δῖ
1338 2168 1550 2237 ἄλλοις
1592 2168 1780 2231 εὔαδε
1828 2169 2042 2231 λοιπὸν

295 2252 514 2337 Σῶμα,
559 2254 971 2337 δυσιχνεότων
1018 2259 1235 2339 χεῖρας
1279 2254 1740 2338 ἀπισχομένοις.

216 2334 295 2400 X’
347 2339 407 2400 οἱ
454 2339 562 2421 μὲν
611 2339 716 2400 ἀπ’
758 2339 1070 2422 εὐχερέων
1103 2338 1286 2406 κλέος
1314 2339 1572 2423 εὐχερὲς
1597 2337 1792 2445 εἶχον,
1822 2337 1943 2419 ἐγὼ
1975 2337 2044 2400 δὲ

296 2420 551 2490 Μοῧνος
600 2424 721 2485 ἀπὸ
768 2424 1044 2507 κρυφίων
1089 2423 1364 2507 ἐμφανὲς
1402 2421 1589 2506 εὖχος
1634 2446 1786 2507 εχω.

253 2595 356 2655 30.
426 2597 506 2653 In
543 2597 787 2653 Ioannis
826 2595 1077 2653 Heurnii
1112 2597 1322 2653 libram
1363 2596 1435 2651 de
1469 2595 1698 2653 Morbis
1755 2594 1995 2671 Capitis.

214 2672 376 2745 Τοὺς
423 2674 656 2744 ἄλλους
696 2675 896 2760 ὁρόων
940 2678 1218 2760 κεφαλὴν
1265 2675 1409 2757 πέρι
1447 2675 1653 2738 πολλὰ
1693 2682 2029 2759 μογεῦντας

293 2758 557 2844 Εόρνιος
584 2759 1029 2843 Ἱπποκράτους
1075 2760 1277 2823 ἄνθεα
1311 2757 1756 2844 ὃρεψαμένους,

202 2841 418 2929 Ὑμεῖς
465 2846 574 2927 μὲν
613 2846 881 2929 κρηπῖδα
921 2847 1115 2908 καλοῦ
1163 2844 1472 2928 στήσασθε
1517 2848 1660 2906 ποτ’
1708 2844 1916 2930 ἔργου,

296 2928 510 3005 Εἶπεν,
559 2930 707 3012 ἐμὸν
749 2930 804 2991 δ’
857 2930 955 2993 ἐπὶ
999 2935 1087 3013 τῷ
1131 2932 1238 3012 τὴν
1284 2933 1622 3012 κολοφῶνα
1664 2929 1875 3012 θέμεν.

215 3014 299 3078 Αἵ
348 3040 386 3078 α
431 3016 500 3077 δὲ
545 3019 664 3076 τῶν
708 3017 990 3097 κεφαλῆς
1036 3036 1100 3076 τε
1143 3014 1344 3077 νόσων
1393 3015 1701 3076 σελίδεσσι
1733 3016 1968 3099 χάραξε

124 3095 134 3104 ’
354 3103 452 3167 αῖς
494 3099 848 3182 παιηονίαις
894 3097 1079 3173 αἴτια,
1120 3100 1226 3166 τοὶς
1266 3121 1332 3160 τε
1373 3098 1619 3167 νόσους.
1676 3135 1680 3139 Δ

218 3180 454 3246 Τόσσον
503 3184 877 3267 ὑπερβάλλει
922 3185 991 3246 δὲ
1018 3183 1266 3268 βίβλους
1305 3183 1515 3289 βίβλος
1537 3180 1802 3265 Εὑρνίου
1828 3183 2044 3264 ἄλλας,
2151 3277 2155 3281 μ

283 3263 518 3331 ’Όσσον
565 3273 686 3351 τῶν
736 3267 975 3350 μελέων
1020 3270 1059 3349 ἡ
1108 3268 1353 3350 κεφαλη
1403 3266 1681 3351 προέχει.

909 3360 1077 3416 Idem
1117 3356 1353 3413 Latine.

215 3441 523 3502 Hem-nius
569 3440 963 3519 Hippocratis
1009 3449 1327 3516 carpentes
1377 3442 1571 3498 florea
1612 3448 1775 3498 serta

297 3526 371 3584 In
407 3524 645 3604 Capitis
688 3528 940 3587 morbos
986 3527 1166 3585 edere
1203 3525 1395 3583 multa
1437 3526 1682 3595 videns3
