2452 4186
1246 282 1327 341 36

383 450 484 509 38.
596 448 1072 508 Christianissimo
1132 453 1500 509 Francorum
1558 462 1609 509 et
1662 453 2008 511 Polonorwm
2058 452 2208 528 Rem·

798 535 1048 592 Hem-ico
1092 537 1222 594 III.
1322 537 1547 594 Urania
1589 537 1787 594 Musa.

380 619 678 695 Princeps
721 638 1022 690 sororum,
1071 638 1225 695 quae
1271 622 1451 678 beata
1495 638 1776 681 secessus

380 703 591 763 Vireta
629 704 938 762 celebrant
986 704 1143 762 inter
1180 709 1421 764 Aonum
1471 714 1741 777 montes;

381 789 634 862 Urania,
682 789 955 863 quamvis
998 808 1094 845 me
1136 799 1382 867 reposta
1426 790 1732 849 caelorum

383 872 638 950 Species
671 881 956 945 moratur,
1003 875 1337 950 musicique
1382 884 1709 935 concentus

379 959 592 1017 Mundi
630 958 922 1029 volantis3
963 959 1245 1018 conscias
1290 968 1491 1017 tamen
1539 961 1646 1018 fati

383 1042 553 1102 Coeli
583 1043 830 1101 choreas
879 1044 1158 1115 astricas,
1204 1052 1263 1101 et
1305 1046 1605 1102 Erronum

382 1127 631 1204 Septem
676 1128 890 1201 reliqui
933 1129 1150 1205 spatia,
1213 1148 1366 1203 quos
1416 1131 1548 1187 citis
1596 1130 1753 1205 bigis

266 1206 275 1214 ’
318 1234 321 1235 ’
383 1211 697 1272 Curricula
743 1211 903 1271 Circi
952 1232 1172 1290 magna
1216 1233 1461 1289 semper
1502 1221 1809 1288 exercent,

377 1298 465 1357 Ut
506 1299 646 1355 hinc
688 1298 1033 1356 ministrent
1068 1299 1197 1355 fata
1233 1301 1416 1356 rebus
1465 1299 1764 1371 humanis,

378 1385 686 1441 Momenta
724 1383 977 1453 varient,
1021 1402 1091 1441 ac
1125 1385 1471 1460 reciprocos
1517 1403 1694 1443 casus

380 1467 649 1527 Volvant
686 1468 1021 1525 revolvant.
1077 1467 1361 1543 Namque
1406 1488 1502 1526 me
1542 1470 1683 1544 pius
1728 1471 1954 1529 mentis

380 1553 644 1612 Incessit
678 1552 870 1623 ardor,
914 1572 1132 1629 magne
1176 1553 1335 1625 Rex,
1386 1561 1452 1609 ut
1495 1556 1652 1611 hunc
1683 1562 1924 1612 nostrae

381 1635 599 1697 Gentis
648 1636 950 1708 clientem,
999 1655 1172 1710 quem
1205 1646 1482 1695 recenter
1526 1657 1563 1694 a
1603 1639 1793 1716 nigris

380 1721 521 1780 Leti
564 1722 834 1779 tenebris
876 1721 1270 1794 imminentis,
1313 1742 1349 1778 a
1395 1723 1560 1780 dirae

384 1806 732 1867 Oblivionis
770 1807 1207 1865 vindicavimus
1246 1807 1398 1879 fato,

382 1891 550 1950 Tuas
599 1892 676 1948 ad
722 1909 882 1962 aras,
931 1891 1007 1948 ad
1051 1900 1337 1966 tuumque
1383 1891 1663 1966 pulvinar

382 1974 655 2037 Sublime
696 1976 930 2048 sistam,
983 1977 1034 2034 si
1079 1977 1250 2035 novis
1298 1977 1354 2034 ei
1392 1976 1628 2052 possim

379 2061 576 2120 Modis
618 2062 884 2120 honores
931 2080 1283 2137 comparare
1328 2061 1584 2134 divinOS,
1638 2132 1644 2138 κ

382 2145 546 2218 Quos
595 2147 694 2204 dia
739 2147 928 2222 spirat
965 2166 1112 2203 aura
1156 2148 1419 2206 numinis
1463 2147 1671 2218 vestri,

383 2229 678 2305 Solioque
715 2232 952 2307 fulgens
992 2232 1291 2289 eminente
1330 2232 1646 2290 Maiestas.

294 2366 297 2369 ,
383 2314 540 2392 Spes
584 2324 698 2388 est,
741 2324 844 2373 tuo
886 2323 952 2372 ut
993 2316 1203 2373 favore
1244 2316 1425 2389 fotus,
1473 2324 1532 2373 et
1571 2316 1715 2373 nido

382 2400 539 2459 Tuto
579 2408 880 2477 receptus,
920 2419 1034 2457 nec
1075 2401 1381 2458 licentiam
1427 2401 1709 2460 indoctae

379 2486 612 2560 Plebis,
657 2505 768 2543 nec
810 2486 997 2542 ullum
1045 2487 1265 2563 stigma
1311 2485 1896 2557 Grammatistarum,

380 2570 516 2629 Nec
554 2572 870 2647 inquinata
912 2571 1150 2643 menda,
1199 2590 1311 2628 nec
1353 2579 1712 2629 vetustatem

382 2654 624 2716 Sentire
661 2676 863 2732 porr0,
912 2661 1023 2714 nec
1062 2675 1305 2733 gravem
1350 2658 1527 2714 situm
1575 2657 1795 2732 possit.

378 2742 463 2798 At
508 2741 776 2799 universi
812 2748 1007 2798 rector
1053 2741 1216 2798 orbis
1264 2748 1572 2817 Augustus

379 2826 702 2884 Praestare
740 2844 857 2882 non
899 2825 975 2888 id?
999 2825 1206 2898 quivit,
1247 2834 1313 2882 ut
1355 2844 1499 2884 suus
1533 2826 1757 2896 ‘VateS,

382 2910 499 2984 Qui
548 2929 687 2969 sese
725 2910 789 2966 in
835 2909 964 2967 eius
1007 2910 1252 2967 tradidit
1292 2910 1655 2982 clientelam,

379 2995 520 3054 Non
557 2996 678 3054 vim
727 3012 971 3053 severae
1017 2995 1222 3052 mortis
1271 2995 1673 3070 experireturz

378 3079 598 3155 Neque
641 3079 748 3137 ille
790 3078 1050 3151 mendis,
1087 3086 1264 3153 atque
1308 3080 1802 3156 paedagogorum

383 3164 837 3225 Contaminatus
891 3164 1309 3223 obsolesceret
1350 3165 1546 3241 nugis.

382 3251 499 3323 Tu,
548 3269 729 3326 quum
774 3250 1132 3321 etenebris,
1181 3269 1214 3306 e
1262 3250 1504 3308 silentio
1551 3248 1656 3305 leti

381 3335 625 3393 Illustre
665 3336 858 3394 victor
900 3334 1156 3392 efferens
1201 3342 1403 3410 caput,
1453 3352 1591 3392 sese

380 3420 584 3480 Dedat
628 3421 736 3478 tibi
771 3419 962 3477 Poeta
1003 3420 1171 3494 (nam
1209 3427 1314 3477 tuo
1365 3426 1513 3477 nutu

382 3506 604 3566 Videre
648 3506 844 3564 lucem
889 3522 956 3564 se
1000 3504 1329 3581 fatetur)[,]
1372 3505 1711 3583 Augustum
