2452 4186
1192 344 1268 402 14

311 516 368 576 O
410 515 570 572 male
610 515 919 572 victorem!
961 514 1123 587 quod
1163 533 1276 573 nos
1313 513 1639 589 adgressus
1680 511 1966 585 inermes,

398 599 579 674 Quod
620 607 724 656 tua
769 617 884 655 non
933 616 1076 656 arcu
1111 598 1379 675 reppulit
1418 615 1588 653 arma
1634 615 1765 654 suo.

313 769 369 826 6.
453 770 530 825 In
573 767 829 824 Palicem
872 765 1221 825 Gathar-inae
1268 769 1367 824 des
1407 758 1645 836 Roches,
1688 767 2143 842 eleyantissimae

1083 856 1360 926 poetriae.

313 935 609 995 Pulicell'e
656 936 848 1012 niger,
894 935 1118 1013 nigelle
1161 936 1381 1008 Pulex,

312 1022 621 1080 Incitatior
663 1019 941 1078 haedulis
984 1021 1265 1097 petulciS,

311 1107 654 1166 Delicatior
693 1105 963 1163 hinnulis
1006 1106 1275 1177 tenelliS,

311 1192 498 1251 Docti
540 1209 796 1268 passere
838 1191 1093 1265 nequior
1138 1190 1384 1262 Catulli,

315 1277 545 1338 Stellae
590 1276 872 1334 blandior
911 1276 1116 1334 albula
1150 1276 1460 1346 columba3

217 1423 221 1428 ,
316 1363 455 1437 Qua
491 1371 550 1419 te
595 1380 925 1437 prosequar
969 1381 1155 1419 aurea
1197 1360 1489 1418 camena?

316 1448 455 1522 Quo
495 1455 554 1504 te
594 1446 840 1505 nomine
872 1447 1238 1522 praedicem,
1282 1466 1317 1504 o
1356 1447 1533 1503 beate

313 1533 514 1590 Pulex
555 1531 808 1608 pumile,
853 1532 1152 1607 pumilille
1186 1531 1432 1589 Pulex?

311 1620 408 1677 An
455 1617 637 1692 quod,
673 1634 806 1672 cum
851 1616 1001 1674 libet
1047 1635 1118 1675 os
1170 1635 1344 1673 meae
1389 1613 1632 1693 puellae

314 1702 452 1760 Tuo
500 1720 803 1777 purpureo
848 1721 950 1758 ore
995 1701 1323 1760 suaviaris:

308 1787 489 1862 Mihi,
529 1805 666 1843 cum
704 1785 874 1858 libet,
923 1805 994 1845 os
1040 1805 1211 1844 meae
1254 1785 1496 1862 puellae

316 1874 458 1930 Meo
504 1891 630 1929 non
671 1870 815 1928 licet
860 1892 965 1930 ore
1012 1872 1324 1931 suaviari?

315 1960 411 2016 An
458 1956 619 2032 quod
661 1973 794 2013 cum
842 1958 1025 2015 subiit
1067 1957 1185 2015 cibi
1228 1956 1531 2030 voluptas,

319 2042 468 2102 Non
513 2041 577 2099 in
624 2041 981 2118 quadriviis,
1023 2061 1217 2118 neque
1263 2043 1604 2119 angiportis

299 2128 585 2186 'Plebeos'
623 2128 834 2186 avidus
879 2130 1043 2187 cibos
1087 2127 1323 2205 liguris,

319 2213 444 2274 Sed
478 2213 542 2269 in
585 2212 865 2271 lacteolis
909 2214 1107 2271 latens
1153 2212 1427 2289 papillis,

317 2298 587 2375 Tingens
629 2298 902 2375 virgineo
946 2317 1159 2356 cruore
1202 2306 1491 2369 rostrum,

314 2383 544 2441 Plenus
591 2383 853 2441 nectaris
910 2391 969 2440 et
1017 2392 1185 2441 satur
1229 2382 1492 2440 recedis:

318 2471 462 2527 Mox
505 2467 941 2527 circumsiliens
987 2468 1169 2527 modo
1212 2469 1329 2524 huc
1368 2468 1552 2526 modo
1597 2469 1762 2541 illuc,

319 2556 520 2612 Meras
568 2553 842 2625 delicias,
889 2573 1091 2612 meros
1139 2572 1397 2624 amores,

317 2639 510 2697 Ludis
561 2639 763 2697 ebrius
814 2640 877 2696 in
922 2639 1060 2698 sinu
1109 2638 1391 2716 puellae?

317 2726 495 2783 Anne
540 2724 696 2798 quod
741 2724 999 2783 Veneris
1046 2724 1294 2782 satelles
1339 2723 1535 2796 audie,

319 2808 563 2866 Vindex
605 2808 921 2867 falsidicae
963 2810 1282 2883 malaeque
1329 2808 1596 2886 linguae,

320 2892 472 2953 Cum
520 2893 762 2970 periura
805 2894 977 2953 Deos
1022 2894 1232 2971 puella
1276 2892 1475 2965 laesit,

318 2981 519 3054 Atque
564 2979 857 3037 ulciscere
904 2981 1145 3038 saucios
1192 2997 1458 3051 amoreS,

319 3064 494 3123 Feris
537 3064 844 3123 morsibus
887 3073 1183 3141 appetens
1225 3063 1527 3122 lacertos?

317 3150 438 3207 Illa
480 3150 543 3206 in
588 3149 827 3209 insidiis
871 3158 1128 3221 morata,
1179 3149 1298 3207 soli

319 3234 638 3292 Vindictae
680 3235 974 3307 imminet,
1011 3254 1082 3292 ac
1124 3234 1338 3291 favens
1387 3232 1604 3302 dolori,

322 3318 642 3395 Suspensa
686 3320 1007 3377 meditatur
1050 3338 1250 3397 ungue
1292 3325 1570 3375 mortem:
1782 3316 2148 3392 [suspensossl]

321 3404 416 3462 Tu
463 3406 683 3465 cessim
728 3406 913 3481 fugis,
961 3413 1020 3463 et
1064 3406 1220 3482 fugis
1267 3403 1587 3472 recessim3

319 3493 411 3550 Ac
455 3490 831 3550 subsultibus
878 3491 1015 3548 hinc
1064 3498 1124 3547 et
1159 3490 1298 3546 hinc
1338 3487 1535 3545 citatis

319 3575 542 3636 Vibras
589 3576 885 3648 cruscula,
933 3584 992 3633 et
1030 3575 1341 3652 improbae
1381 3572 1623 3649 puellae
