2452 4186
1245 339 1370 398 340

394 507 477 567 Et
515 508 860 568 obstetricis
906 526 1044 567 rore
1091 527 1307 586 corpus
1352 510 1628 588 tingeret.

399 591 523 654 Sed
567 594 750 651 cruda
788 601 848 651 te
893 593 973 651 ad
1017 594 1337 669 sponsalia
1378 603 1439 654 et
1483 596 1770 654 connubii

397 676 589 739 Sacra
633 678 982 738 admovebit
1025 679 1208 738 durus
1251 680 1485 757 Iphidis
1536 679 1659 753 leo,

260 761 361 816 325
396 767 584 822 Attae
626 763 897 840 parentis
942 764 1278 824 aemulatus
1324 766 1554 823 februa.

394 848 677 923 Namque
721 850 785 906 in
833 849 1077 925 capacis
1119 858 1331 908 ventre
1368 857 1639 909 mactans
1676 850 1894 909 naviae

394 934 627 993 Bovem
671 933 989 991 infulatam
1038 934 1222 1008 draco
1267 954 1569 1010 cupencus
1607 935 1851 1011 impiu8‚

393 1019 644 1095 Iugulae
688 1019 956 1095 tripatris
1005 1018 1216 1077 caedet
1260 1021 1416 1078 hanc
1457 1019 1791 1093 clunacu10‚

393 1104 606 1161 Priora
647 1104 1008 1162 confedusta
1048 1104 1200 1163 dans
1247 1106 1439 1182 hirpis
1490 1123 1680 1163 sacra.

261 1191 366 1245 330
399 1192 483 1247 At
514 1195 938 1266 mancupatam
982 1196 1039 1246 te
1086 1190 1149 1246 in
1192 1190 1413 1267 supino
1452 1189 1650 1248 littore

401 1273 703 1331 Thracum
748 1274 998 1348 lapitam
1040 1274 1409 1334 funditorum
1450 1274 1707 1333 iactibus

401 1358 786 1419 conviciosis
829 1359 1186 1434 percitorvia
1225 1360 1461 1417 iniuriis

398 1444 753 1502 Abscondet
788 1443 982 1501 imber
1023 1463 1247 1503 saxeus
1293 1444 1684 1515 manualium,

397 1528 579 1586 Pulla
625 1529 912 1585 hirriente
957 1531 1229 1587 membra
1264 1537 1551 1587 mutatam
1597 1547 1764 1586 cane.

262 1614 364 1669 335
397 1616 517 1673 Ast
552 1614 629 1671 ad
670 1613 937 1671 bidental
972 1615 1211 1671 Anxuri
1248 1614 1564 1673 domestici

401 1699 662 1759 Ornabit
702 1699 858 1757 albis
908 1700 1090 1756 antiis
1137 1700 1506 1777 crepidinem

401 1782 640 1844 Sororis
682 1783 828 1842 olim
870 1785 1036 1841 lutea
1071 1783 1370 1842 calantica

397 1869 755 1940 Redemtus‚
801 1877 1000 1928 ustam
1047 1888 1181 1926 cum
1220 1870 1448 1926 rediret
1491 1868 1773 1945 patriam,

399 1954 592 2011 Vetus
641 1954 910 2012 tenebris
955 1973 1179 2011 nomen
1221 1956 1482 2012 obruens
1530 1947 1738 2011 suuin:

265 2041 368 2095 340
401 2038 524 2098 Ubi
564 2057 759 2114 rupex
802 2038 1100 2114 hirtipilus
1141 2038 1315 2115 ignes
1356 2038 1590 2097 indices

403 2122 629 2180 Terrae
674 2122 944 2198 parentis
980 2123 1284 2181 indicator
1326 2124 1594 2199 perfidus

334 2250 341 2257 ,η
388 2208 664 2279 ,Ευοθῃε,
705 2207 1003 2265 caballum
1048 2216 1228 2284 gente
1271 2215 1705 2285 praegnantem
1751 2207 1995 2266 hostica
2039 2254 2040 2257 ,

401 2293 754 2365 Pertundet‚
800 2292 955 2351 altas
1001 2294 1232 2352 ventris
1275 2294 1549 2371 impages
1587 2294 1862 2351 trahens:

401 2380 482 2438 Et
528 2378 869 2455 Sisypheae
909 2378 1104 2454 volpis
1149 2387 1384 2438 astutus
1431 2388 1564 2436 cato

269 2469 370 2524 345
402 2464 659 2522 Lucebit
704 2463 921 2522 ardens
968 2463 1142 2522 triste
1178 2464 1493 2523 lucubrum
1537 2481 1726 2538 nepos
1797 2470 1812 2477 ‘
1861 2504 1862 2511 κ

404 2548 807 2624 Leucophryn
849 2556 981 2605 atra
1021 2556 1200 2606 nocte
1243 2548 1690 2625 navigantibu8‚

338 2672 347 2691 2
404 2633 805 2692 Infanticidae
850 2641 909 2689 et
952 2633 1186 2692 insulas
1229 2634 1381 2692 duas
1426 2635 1593 2691 boae.

401 2722 521 2778 Ast
561 2719 701 2794 ipsa
747 2718 1081 2776 abhorrens
1125 2721 1430 2793 pronubas
1470 2718 1681 2776 taedas
1726 2735 1836 2794 ego

401 2806 476 2862 In
517 2803 687 2862 aedis
726 2811 891 2860 atrae
932 2803 1202 2879 scrupeis
1249 2803 1629 2862 conclavibus

267 2894 371 2950 350
407 2890 598 2947 Tecto
646 2888 904 2946 carentis
956 2897 1015 2946 et
1056 2888 1329 2947 lacunari
1371 2889 1586 2948 domus

404 2974 812 3045 Tenebricoso
853 2974 1123 3031 membra
1166 2992 1446 3050 mergens
1491 2991 1752 3044 carcere,

338 3111 349 3130 l
385 3059 743 3134 ‚Ptoumque
791 3056 1232 3133 Semonemque
1282 3059 1676 3117 Vortumnum
1718 3055 1916 3113 Deum

401 3144 648 3221 Fugans
688 3162 886 3201 amore
928 3150 1166 3218 captum
1213 3144 1287 3200 ab
1333 3145 1587 3219 innupto
1630 3149 1784 3214 tore,

406 3229 720 3304 Tanquam
762 3228 928 3305 potis
972 3228 1211 3303 signata
1249 3228 1548 3305 perpetim
1587 3227 1723 3286 fore

268 3322 370 3376 355
408 3311 693 3374 Summae
735 3313 813 3370 ad
851 3320 1131 3371 senectae
1169 3320 1429 3388 tempus,
1468 3313 1732 3370 innubae
1770 3309 2019 3369 aemulo

400 3398 547 3457 Ritu
578 3398 887 3456 Minervae
930 3395 1205 3473 Oai-neae
1244 3397 1574 3470 Feretriae‚

343 3532 350 3542 .
399 3483 498 3547 Ad
536 3482 790 3541 volturis
839 3483 1119 3541 columba
1157 3490 1303 3541 tunc
1340 3483 1557 3559 raptim
1603 3489 1795 3540 torum

399 3568 711 3647 Exanguis
753 3567 882 3637 ales
926 3587 1124 3645 ungue
1156 3567 1367 3644 picato
1407 3568 1636 3641 trahar,
