<?xml version="1.0" encoding="UTF-8"?>
<!DOCTYPE html PUBLIC "-//W3C//DTD XHTML 1.0 Transitional//EN"
    "http://www.w3.org/TR/xhtml1/DTD/xhtml1-transitional.dtd">
<html xmlns="http://www.w3.org/1999/xhtml" xml:lang="en" lang="en">
 <head>
  <title>
</title>
<meta http-equiv="Content-Type" content="text/html;charset=utf-8" />
  <meta name='ocr-system' content='tesseract 3.04.00' />
  <meta name='ocr-capabilities' content='ocr_page ocr_carea ocr_par ocr_line ocrx_word'/>
</head>
<body>
  <div class='ocr_page' id='page_1' title='image "./iosephiscaliger02scalgoog/iosephiscaliger02scalgoog_0276.png"; bbox 0 0 2452 4186; ppageno 0'>
   <div class='ocr_carea' id='block_1_1' title="bbox 1272 307 1393 365">
    <p class='ocr_par' dir='ltr' id='par_1_1' title="bbox 1272 307 1393 365">
     <span class='ocr_line' id='line_1_1' title="bbox 1272 307 1393 365; baseline -0.017 0"><span class='ocrx_word' id='word_1_1' title='bbox 1272 307 1393 365; x_wconf 79' lang='lat'><strong>274</strong></span> 
     </span>
    </p>
   </div>
   <div class='ocr_carea' id='block_1_2' title="bbox 1179 393 1480 400">
    <p class='ocr_par' dir='ltr' id='par_1_2' title="bbox 1179 393 1480 400">
     <span class='ocr_line' id='line_1_2' title="bbox 1179 393 1480 400; baseline 0 3786"><span class='ocrx_word' id='word_1_2' title='bbox 1179 393 1480 400; x_wconf 95' lang='lat' dir='ltr'><strong> </strong></span> 
     </span>
    </p>
   </div>
   <div class='ocr_carea' id='block_1_3' title="bbox 421 472 2243 1061">
    <p class='ocr_par' dir='ltr' id='par_1_3' title="bbox 426 472 1483 552">
     <span class='ocr_line' id='line_1_3' title="bbox 426 472 1483 552; baseline 0.001 -20"><span class='ocrx_word' id='word_1_3' title='bbox 426 473 458 542; x_wconf 79' lang='grc' dir='ltr'>ζ</span> <span class='ocrx_word' id='word_1_4' title='bbox 477 475 616 552; x_wconf 70' lang='lat'><strong>(44)</strong></span> <span class='ocrx_word' id='word_1_5' title='bbox 1174 472 1483 539; x_wconf 79' lang='grc' dir='ltr'><strong>Δικλίδας.</strong></span> 
     </span>
    </p>

    <p class='ocr_par' dir='ltr' id='par_1_4' title="bbox 421 558 2243 722">
     <span class='ocr_line' id='line_1_4' title="bbox 421 558 2243 638; baseline 0.001 -19"><span class='ocrx_word' id='word_1_6' title='bbox 421 561 522 619; x_wconf 88' lang='lat' dir='ltr'><strong>Me</strong></span> <span class='ocrx_word' id='word_1_7' title='bbox 565 559 765 618; x_wconf 87' lang='lat' dir='ltr'><strong>verbis</strong></span> <span class='ocrx_word' id='word_1_8' title='bbox 810 558 1065 618; x_wconf 80' lang='lat' dir='ltr'><strong>Galatea</strong></span> <span class='ocrx_word' id='word_1_9' title='bbox 1104 560 1283 619; x_wconf 84' lang='lat' dir='ltr'><strong>malis</strong></span> <span class='ocrx_word' id='word_1_10' title='bbox 1326 560 1602 632; x_wconf 79' lang='lat' dir='ltr'><strong>incessit,</strong></span> <span class='ocrx_word' id='word_1_11' title='bbox 1648 567 1714 618; x_wconf 93' lang='lat' dir='ltr'><strong>ut</strong></span> <span class='ocrx_word' id='word_1_12' title='bbox 1760 559 1824 618; x_wconf 92' lang='lat' dir='ltr'><strong>in</strong></span> <span class='ocrx_word' id='word_1_13' title='bbox 1864 580 1960 618; x_wconf 91' lang='lat' dir='ltr'><strong>me</strong></span> <span class='ocrx_word' id='word_1_14' title='bbox 2096 561 2180 637; x_wconf 81' lang='lat' dir='ltr'><strong>[et</strong></span> <span class='ocrx_word' id='word_1_15' title='bbox 2192 563 2243 638; x_wconf 69' lang='lat'><strong>2]</strong></span> 
     </span>
     <span class='ocr_line' id='line_1_5' title="bbox 507 644 1745 722; baseline 0 -20"><span class='ocrx_word' id='word_1_16' title='bbox 507 644 757 722; x_wconf 83' lang='lat' dir='ltr'><strong>Impulit</strong></span> <span class='ocrx_word' id='word_1_17' title='bbox 802 644 987 702; x_wconf 84' lang='lat' dir='ltr'><strong>iratas</strong></span> <span class='ocrx_word' id='word_1_18' title='bbox 1034 664 1288 720; x_wconf 85' lang='lat' dir='ltr'><strong>vespere</strong></span> <span class='ocrx_word' id='word_1_19' title='bbox 1333 664 1519 704; x_wconf 85' lang='lat' dir='ltr'><strong>saeva</strong></span> <span class='ocrx_word' id='word_1_20' title='bbox 1557 646 1745 704; x_wconf 89' lang='lat' dir='ltr'><strong>fores.</strong></span> 
     </span>
    </p>

    <p class='ocr_par' dir='ltr' id='par_1_5' title="bbox 422 730 2075 874">
     <span class='ocr_line' id='line_1_6' title="bbox 422 730 2075 803; baseline 0.001 -14"><span class='ocrx_word' id='word_1_21' title='bbox 422 730 563 789; x_wconf 89' lang='lat' dir='ltr'><strong>Hoc</strong></span> <span class='ocrx_word' id='word_1_22' title='bbox 601 731 818 789; x_wconf 89' lang='lat' dir='ltr'><strong>scitum</strong></span> <span class='ocrx_word' id='word_1_23' title='bbox 860 730 1085 788; x_wconf 83' lang='lat' dir='ltr'><strong>frustra</strong></span> <span class='ocrx_word' id='word_1_24' title='bbox 1128 739 1242 803; x_wconf 90' lang='lat' dir='ltr'><strong>est,</strong></span> <span class='ocrx_word' id='word_1_25' title='bbox 1289 730 1520 789; x_wconf 85' lang='lat' dir='ltr'>Iniuria</span> <span class='ocrx_word' id='word_1_26' title='bbox 1565 730 1753 788; x_wconf 86' lang='lat' dir='ltr'><strong>soluit</strong></span> <span class='ocrx_word' id='word_1_27' title='bbox 1800 749 2075 790; x_wconf 83' lang='lat' dir='ltr'><strong>amores:</strong></span> 
     </span>
     <span class='ocr_line' id='line_1_7' title="bbox 504 814 1875 874; baseline -0.001 -1"><span class='ocrx_word' id='word_1_28' title='bbox 504 814 670 873; x_wconf 82' lang='lat' dir='ltr'><strong>Nam</strong></span> <span class='ocrx_word' id='word_1_29' title='bbox 711 814 885 873; x_wconf 85' lang='lat' dir='ltr'><strong>furiis</strong></span> <span class='ocrx_word' id='word_1_30' title='bbox 931 816 1211 874; x_wconf 87' lang='lat' dir='ltr'><strong>stimulos</strong></span> <span class='ocrx_word' id='word_1_31' title='bbox 1261 815 1504 873; x_wconf 91' lang='lat' dir='ltr'><strong>subiicit</strong></span> <span class='ocrx_word' id='word_1_32' title='bbox 1546 815 1655 873; x_wconf 87' lang='lat' dir='ltr'><strong>ille</strong></span> <span class='ocrx_word' id='word_1_33' title='bbox 1701 815 1875 874; x_wconf 88' lang='lat' dir='ltr'><strong>meis.</strong></span> 
     </span>
    </p>

    <p class='ocr_par' dir='ltr' id='par_1_6' title="bbox 421 899 2127 1061">
     <span class='ocr_line' id='line_1_8' title="bbox 421 899 1911 977; baseline -0.003 -15"><span class='ocrx_word' id='word_1_34' title='bbox 421 903 665 962; x_wconf 90' lang='lat' dir='ltr'><strong>Annum</strong></span> <span class='ocrx_word' id='word_1_35' title='bbox 706 899 937 958; x_wconf 84' lang='lat' dir='ltr'><strong>iuratus</strong></span> <span class='ocrx_word' id='word_1_36' title='bbox 980 901 1107 958; x_wconf 86' lang='lat' dir='ltr'><strong>dixi</strong></span> <span class='ocrx_word' id='word_1_37' title='bbox 1148 900 1364 977; x_wconf 88' lang='lat' dir='ltr'><strong>procul</strong></span> <span class='ocrx_word' id='word_1_38' title='bbox 1410 900 1617 958; x_wconf 85' lang='lat' dir='ltr'><strong>abfore</strong></span> <span class='ocrx_word' id='word_1_39' title='bbox 1657 901 1733 958; x_wconf 84' lang='lat' dir='ltr'><strong>ab</strong></span> <span class='ocrx_word' id='word_1_40' title='bbox 1770 899 1911 971; x_wconf 82' lang='lat' dir='ltr'><strong>illa3</strong></span> 
     </span>
     <span class='ocr_line' id='line_1_9' title="bbox 505 984 2127 1061; baseline 0.001 -16"><span class='ocrx_word' id='word_1_41' title='bbox 505 989 642 1057; x_wconf 89' lang='lat' dir='ltr'><strong>Ast,</strong></span> <span class='ocrx_word' id='word_1_42' title='bbox 686 985 842 1061; x_wconf 87' lang='lat' dir='ltr'><strong>proh</strong></span> <span class='ocrx_word' id='word_1_43' title='bbox 888 984 969 1057; x_wconf 88' lang='lat' dir='ltr'><strong>di,</strong></span> <span class='ocrx_word' id='word_1_44' title='bbox 1015 985 1212 1061; x_wconf 88' lang='lat' dir='ltr'><strong>primo</strong></span> <span class='ocrx_word' id='word_1_45' title='bbox 1261 986 1417 1044; x_wconf 84' lang='lat' dir='ltr'><strong>hanc</strong></span> <span class='ocrx_word' id='word_1_46' title='bbox 1457 1004 1636 1043; x_wconf 83' lang='lat' dir='ltr'><strong>mane</strong></span> <span class='ocrx_word' id='word_1_47' title='bbox 1679 993 1961 1061; x_wconf 84' lang='lat' dir='ltr'><strong>precator</strong></span> <span class='ocrx_word' id='word_1_48' title='bbox 2004 984 2127 1046; x_wconf 81' lang='lat' dir='ltr'><strong>adl.</strong></span> 
     </span>
    </p>
   </div>
   <div class='ocr_carea' id='block_1_4' title="bbox 423 1148 1842 1384">
    <p class='ocr_par' dir='ltr' id='par_1_7' title="bbox 423 1148 1842 1384">
     <span class='ocr_line' id='line_1_10' title="bbox 427 1148 1742 1233; baseline -0.003 -19"><span class='ocrx_word' id='word_1_49' title='bbox 427 1154 618 1233; x_wconf 71' lang='lat' dir='ltr'><strong>c(45)</strong></span> <span class='ocrx_word' id='word_1_50' title='bbox 908 1148 999 1212; x_wconf 89' lang='grc' dir='ltr'>Ἦ</span> <span class='ocrx_word' id='word_1_51' title='bbox 1043 1152 1149 1213; x_wconf 83' lang='grc' dir='ltr'><strong>σὸν</strong></span> <span class='ocrx_word' id='word_1_52' title='bbox 1191 1149 1281 1212; x_wconf 83' lang='grc' dir='ltr'><strong>ἔτι</strong></span> <span class='ocrx_word' id='word_1_53' title='bbox 1324 1149 1742 1233; x_wconf 78' lang='grc' dir='ltr'><strong>φθινόπωρον.</strong></span> 
     </span>
     <span class='ocr_line' id='line_1_11' title="bbox 423 1237 1842 1311; baseline -0.002 -12"><span class='ocrx_word' id='word_1_54' title='bbox 423 1241 504 1299; x_wconf 88' lang='lat' dir='ltr'><strong>Et</strong></span> <span class='ocrx_word' id='word_1_55' title='bbox 545 1249 683 1298; x_wconf 90' lang='lat' dir='ltr'><strong>tuus</strong></span> <span class='ocrx_word' id='word_1_56' title='bbox 729 1243 1069 1297; x_wconf 83' lang='lat' dir='ltr'><strong>Autumnus</strong></span> <span class='ocrx_word' id='word_1_57' title='bbox 1114 1239 1301 1296; x_wconf 84' lang='lat' dir='ltr'><strong>alieni</strong></span> <span class='ocrx_word' id='word_1_58' title='bbox 1330 1237 1508 1298; x_wconf 83' lang='lat' dir='ltr'><strong>Veris</strong></span> <span class='ocrx_word' id='word_1_59' title='bbox 1551 1239 1842 1311; x_wconf 81' lang='lat' dir='ltr'><strong>honores,</strong></span> 
     </span>
     <span class='ocr_line' id='line_1_12' title="bbox 506 1322 1727 1384; baseline -0.002 0"><span class='ocrx_word' id='word_1_60' title='bbox 506 1329 791 1384; x_wconf 82' lang='lat' dir='ltr'><strong>Aestates</strong></span> <span class='ocrx_word' id='word_1_61' title='bbox 830 1325 981 1382; x_wconf 81' lang='lat' dir='ltr'><strong>alias</strong></span> <span class='ocrx_word' id='word_1_62' title='bbox 1028 1332 1088 1382; x_wconf 90' lang='lat' dir='ltr'><strong>et</strong></span> <span class='ocrx_word' id='word_1_63' title='bbox 1126 1332 1229 1381; x_wconf 82' lang='lat' dir='ltr'><strong>tua</strong></span> <span class='ocrx_word' id='word_1_64' title='bbox 1268 1323 1453 1381; x_wconf 86' lang='lat' dir='ltr'><strong>vincit</strong></span> <span class='ocrx_word' id='word_1_65' title='bbox 1491 1322 1727 1382; x_wconf 88' lang='lat' dir='ltr'><strong>Hiems.</strong></span> 
     </span>
    </p>
   </div>
   <div class='ocr_carea' id='block_1_5' title="bbox 423 1485 2225 2250">
    <p class='ocr_par' dir='ltr' id='par_1_8' title="bbox 423 1485 2225 2250">
     <span class='ocr_line' id='line_1_13' title="bbox 428 1485 1932 1571; baseline -0.001 -19"><span class='ocrx_word' id='word_1_66' title='bbox 428 1494 619 1571; x_wconf 68' lang='lat'>&lt;(46)</span> <span class='ocrx_word' id='word_1_67' title='bbox 874 1485 1278 1571; x_wconf 79' lang='grc' dir='ltr'>Κεκρὺφαλοι</span> <span class='ocrx_word' id='word_1_68' title='bbox 1323 1489 1642 1571; x_wconf 80' lang='grc' dir='ltr'>σφίγγουσι</span> <span class='ocrx_word' id='word_1_69' title='bbox 1680 1488 1843 1570; x_wconf 86' lang='grc' dir='ltr'><strong>τεὴν.</strong></span> <span class='ocrx_word' id='word_1_70' title='bbox 1927 1492 1932 1495; x_wconf 65' lang='grc'><em>’</em></span> 
     </span>
     <span class='ocr_line' id='line_1_14' title="bbox 423 1576 1993 1652; baseline -0.004 -13"><span class='ocrx_word' id='word_1_71' title='bbox 423 1577 702 1639; x_wconf 86' lang='lat' dir='ltr'><strong>Reticulo</strong></span> <span class='ocrx_word' id='word_1_72' title='bbox 750 1576 931 1640; x_wconf 86' lang='lat' dir='ltr'><strong>crinis</strong></span> <span class='ocrx_word' id='word_1_73' title='bbox 977 1576 1269 1652; x_wconf 87' lang='lat' dir='ltr'><strong>premitur</strong></span> <span class='ocrx_word' id='word_1_74' title='bbox 1308 1577 1458 1635; x_wconf 79' lang='lat' dir='ltr'><strong>tibi?</strong></span> <span class='ocrx_word' id='word_1_75' title='bbox 1492 1577 1763 1635; x_wconf 85' lang='lat' dir='ltr'><strong>Differor</strong></span> <span class='ocrx_word' id='word_1_76' title='bbox 1800 1583 1993 1634; x_wconf 83' lang='lat' dir='ltr'><strong>aestu.</strong></span> 
     </span>
     <span class='ocr_line' id='line_1_15' title="bbox 509 1661 1983 1738; baseline -0.003 -17"><span class='ocrx_word' id='word_1_77' title='bbox 509 1662 680 1721; x_wconf 80' lang='lat' dir='ltr'><strong>Haec</strong></span> <span class='ocrx_word' id='word_1_78' title='bbox 719 1662 866 1719; x_wconf 92' lang='lat' dir='ltr'><strong>mihi</strong></span> <span class='ocrx_word' id='word_1_79' title='bbox 911 1662 1244 1738; x_wconf 86' lang='lat' dir='ltr'><strong>turrigerae</strong></span> <span class='ocrx_word' id='word_1_80' title='bbox 1287 1663 1481 1720; x_wconf 85' lang='lat' dir='ltr'><strong>forma</strong></span> <span class='ocrx_word' id='word_1_81' title='bbox 1525 1662 1760 1720; x_wconf 86' lang='lat' dir='ltr'><strong>videtur</strong></span> <span class='ocrx_word' id='word_1_82' title='bbox 1806 1661 1983 1737; x_wconf 75' lang='lat' dir='ltr'><strong>Opis·</strong></span> 
     </span>
     <span class='ocr_line' id='line_1_16' title="bbox 424 1745 2225 1822; baseline -0.002 -16"><span class='ocrx_word' id='word_1_83' title='bbox 424 1749 721 1806; x_wconf 90' lang='lat' dir='ltr'><strong>Intectum</strong></span> <span class='ocrx_word' id='word_1_84' title='bbox 763 1754 942 1822; x_wconf 81' lang='lat' dir='ltr'><strong>caput</strong></span> <span class='ocrx_word' id='word_1_85' title='bbox 986 1747 1120 1804; x_wconf 77' lang='lat' dir='ltr'><strong>est?</strong></span> <span class='ocrx_word' id='word_1_86' title='bbox 1165 1749 1429 1804; x_wconf 89' lang='lat' dir='ltr'><strong>Mentem</strong></span> <span class='ocrx_word' id='word_1_87' title='bbox 1473 1747 1622 1805; x_wconf 91' lang='lat' dir='ltr'><strong>mihi</strong></span> <span class='ocrx_word' id='word_1_88' title='bbox 1661 1745 1931 1804; x_wconf 89' lang='lat' dir='ltr'><strong>funditus</strong></span> <span class='ocrx_word' id='word_1_89' title='bbox 1980 1764 2225 1804; x_wconf 89' lang='lat' dir='ltr'><strong>omnem</strong></span> 
     </span>
     <span class='ocr_line' id='line_1_17' title="bbox 510 1832 1766 1908; baseline -0.004 -15"><span class='ocrx_word' id='word_1_90' title='bbox 510 1832 757 1893; x_wconf 84' lang='lat' dir='ltr'><strong>Excutit</strong></span> <span class='ocrx_word' id='word_1_91' title='bbox 798 1851 877 1889; x_wconf 85' lang='lat' dir='ltr'><strong>ex</strong></span> <span class='ocrx_word' id='word_1_92' title='bbox 911 1839 1042 1890; x_wconf 88' lang='lat' dir='ltr'><strong>toto</strong></span> <span class='ocrx_word' id='word_1_93' title='bbox 1086 1840 1335 1908; x_wconf 86' lang='lat' dir='ltr'><strong>pectore</strong></span> <span class='ocrx_word' id='word_1_94' title='bbox 1374 1833 1530 1891; x_wconf 83' lang='lat' dir='ltr'><strong>flava</strong></span> <span class='ocrx_word' id='word_1_95' title='bbox 1571 1850 1766 1890; x_wconf 83' lang='lat' dir='ltr'><strong>coma.</strong></span> 
     </span>
     <span class='ocr_line' id='line_1_18' title="bbox 424 1915 1997 1993; baseline -0.003 -16"><span class='ocrx_word' id='word_1_96' title='bbox 424 1918 580 1977; x_wconf 85' lang='lat' dir='ltr'><strong>Vela</strong></span> <span class='ocrx_word' id='word_1_97' title='bbox 621 1917 731 1975; x_wconf 87' lang='lat' dir='ltr'><strong>tibi</strong></span> <span class='ocrx_word' id='word_1_98' title='bbox 771 1917 1039 1974; x_wconf 89' lang='lat' dir='ltr'><strong>condunt</strong></span> <span class='ocrx_word' id='word_1_99' title='bbox 1078 1935 1419 1993; x_wconf 89' lang='lat' dir='ltr'><strong>suspensos</strong></span> <span class='ocrx_word' id='word_1_100' title='bbox 1472 1916 1723 1975; x_wconf 84' lang='lat' dir='ltr'><strong>candida</strong></span> <span class='ocrx_word' id='word_1_101' title='bbox 1761 1915 1997 1974; x_wconf 80' lang='lat' dir='ltr'><strong>cirros?</strong></span> 
     </span>
     <span class='ocr_line' id='line_1_19' title="bbox 508 2000 1990 2079; baseline -0.001 -19"><span class='ocrx_word' id='word_1_102' title='bbox 508 2002 722 2060; x_wconf 86' lang='lat' dir='ltr'><strong>Nihilo</strong></span> <span class='ocrx_word' id='word_1_103' title='bbox 761 2001 1105 2079; x_wconf 88' lang='lat' dir='ltr'><strong>languidior</strong></span> <span class='ocrx_word' id='word_1_104' title='bbox 1145 2020 1262 2059; x_wconf 83' lang='lat' dir='ltr'><strong>cor.</strong></span> <span class='ocrx_word' id='word_1_105' title='bbox 1295 2002 1443 2059; x_wconf 91' lang='lat' dir='ltr'><strong>mihi</strong></span> <span class='ocrx_word' id='word_1_106' title='bbox 1483 2003 1727 2060; x_wconf 81' lang='lat' dir='ltr'><strong>flamma</strong></span> <span class='ocrx_word' id='word_1_107' title='bbox 1772 2000 1990 2075; x_wconf 89' lang='lat' dir='ltr'><strong>coquit.</strong></span> 
     </span>
     <span class='ocr_line' id='line_1_20' title="bbox 426 2085 2104 2164; baseline -0.001 -18"><span class='ocrx_word' id='word_1_108' title='bbox 426 2088 581 2147; x_wconf 85' lang='lat' dir='ltr'><strong>Tres</strong></span> <span class='ocrx_word' id='word_1_109' title='bbox 627 2087 855 2146; x_wconf 85' lang='lat' dir='ltr'><strong>formas</strong></span> <span class='ocrx_word' id='word_1_110' title='bbox 906 2086 1090 2161; x_wconf 86' lang='lat' dir='ltr'><strong>stipat</strong></span> <span class='ocrx_word' id='word_1_111' title='bbox 1127 2085 1437 2146; x_wconf 84' lang='lat' dir='ltr'><strong>Charitum</strong></span> <span class='ocrx_word' id='word_1_112' title='bbox 1483 2086 1883 2164; x_wconf 81' lang='lat' dir='ltr'><strong>pulcherrima</strong></span> <span class='ocrx_word' id='word_1_113' title='bbox 1925 2085 2104 2164; x_wconf 82' lang='lat' dir='ltr'><strong>triga..</strong></span> 
     </span>
     <span class='ocr_line' id='line_1_21' title="bbox 506 2171 1877 2250; baseline -0.001 -18"><span class='ocrx_word' id='word_1_114' title='bbox 506 2178 566 2232; x_wconf 90' lang='lat' dir='ltr'>A</span> <span class='ocrx_word' id='word_1_115' title='bbox 604 2171 856 2230; x_wconf 91' lang='lat' dir='ltr'><strong>totidem</strong></span> <span class='ocrx_word' id='word_1_116' title='bbox 900 2172 1114 2230; x_wconf 85' lang='lat' dir='ltr'><strong>formis</strong></span> <span class='ocrx_word' id='word_1_117' title='bbox 1158 2172 1401 2250; x_wconf 85' lang='lat' dir='ltr'><strong>singula</strong></span> <span class='ocrx_word' id='word_1_118' title='bbox 1443 2174 1684 2232; x_wconf 82' lang='lat' dir='ltr'><strong>flamma</strong></span> <span class='ocrx_word' id='word_1_119' title='bbox 1729 2172 1877 2230; x_wconf 90' lang='lat' dir='ltr'><strong>fluit.</strong></span> 
     </span>
    </p>
   </div>
   <div class='ocr_carea' id='block_1_6' title="bbox 422 2336 2155 2929">
    <p class='ocr_par' dir='ltr' id='par_1_9' title="bbox 429 2336 1798 2423">
     <span class='ocr_line' id='line_1_22' title="bbox 429 2336 1798 2423; baseline 0.002 -25"><span class='ocrx_word' id='word_1_120' title='bbox 429 2342 618 2419; x_wconf 77' lang='grc' dir='ltr'>ζ(47)</span> <span class='ocrx_word' id='word_1_121' title='bbox 887 2336 1042 2413; x_wconf 62' lang='lat' dir='ltr'><strong>(Det,</strong></span> <span class='ocrx_word' id='word_1_122' title='bbox 1094 2342 1212 2421; x_wconf 78' lang='grc' dir='ltr'><strong>φεῦ</strong></span> <span class='ocrx_word' id='word_1_123' title='bbox 1258 2339 1360 2401; x_wconf 84' lang='grc' dir='ltr'><strong>καὶ</strong></span> <span class='ocrx_word' id='word_1_124' title='bbox 1410 2341 1477 2403; x_wconf 87' lang='grc' dir='ltr'><strong>τὸ</strong></span> <span class='ocrx_word' id='word_1_125' title='bbox 1528 2341 1798 2423; x_wconf 82' lang='grc' dir='ltr'><strong>λάλημα.</strong></span> 
     </span>
    </p>

    <p class='ocr_par' dir='ltr' id='par_1_10' title="bbox 423 2425 2155 2587">
     <span class='ocr_line' id='line_1_23' title="bbox 423 2425 2155 2501; baseline -0.001 -16"><span class='ocrx_word' id='word_1_126' title='bbox 423 2427 591 2485; x_wconf 88' lang='lat' dir='ltr'><strong>Proh</strong></span> <span class='ocrx_word' id='word_1_127' title='bbox 632 2425 828 2499; x_wconf 90' lang='lat' dir='ltr'><strong>dolor,</strong></span> <span class='ocrx_word' id='word_1_128' title='bbox 875 2425 1324 2501; x_wconf 87' lang='lat' dir='ltr'><strong>alloquiumque</strong></span> <span class='ocrx_word' id='word_1_129' title='bbox 1371 2436 1430 2484; x_wconf 91' lang='lat' dir='ltr'><strong>et</strong></span> <span class='ocrx_word' id='word_1_130' title='bbox 1471 2427 1668 2486; x_wconf 90' lang='lat' dir='ltr'><strong>visum</strong></span> <span class='ocrx_word' id='word_1_131' title='bbox 1706 2428 1864 2486; x_wconf 87' lang='lat' dir='ltr'><strong>livor</strong></span> <span class='ocrx_word' id='word_1_132' title='bbox 1905 2426 2155 2498; x_wconf 83' lang='lat' dir='ltr'><strong>ademit,</strong></span> 
     </span>
     <span class='ocr_line' id='line_1_24' title="bbox 510 2510 1795 2587; baseline 0 -18"><span class='ocrx_word' id='word_1_133' title='bbox 510 2511 701 2569; x_wconf 82' lang='lat' dir='ltr'><strong>Tecta</strong></span> <span class='ocrx_word' id='word_1_134' title='bbox 747 2510 1073 2587; x_wconf 89' lang='lat' dir='ltr'><strong>supercilio</strong></span> <span class='ocrx_word' id='word_1_135' title='bbox 1114 2513 1300 2570; x_wconf 84' lang='lat' dir='ltr'><strong>verba</strong></span> <span class='ocrx_word' id='word_1_136' title='bbox 1338 2511 1627 2586; x_wconf 89' lang='lat' dir='ltr'><strong>loquente</strong></span> <span class='ocrx_word' id='word_1_137' title='bbox 1670 2532 1795 2572; x_wconf 86' lang='lat' dir='ltr'><strong>sua.</strong></span> 
     </span>
    </p>

    <p class='ocr_par' dir='ltr' id='par_1_11' title="bbox 422 2595 1933 2741">
     <span class='ocr_line' id='line_1_25' title="bbox 422 2595 1933 2673; baseline 0 -19"><span class='ocrx_word' id='word_1_138' title='bbox 422 2595 562 2654; x_wconf 86' lang='lat' dir='ltr'><strong>Nos</strong></span> <span class='ocrx_word' id='word_1_139' title='bbox 601 2604 832 2655; x_wconf 88' lang='lat' dir='ltr'><strong>stantes</strong></span> <span class='ocrx_word' id='word_1_140' title='bbox 874 2598 1122 2673; x_wconf 90' lang='lat' dir='ltr'><strong>propius</strong></span> <span class='ocrx_word' id='word_1_141' title='bbox 1166 2605 1345 2654; x_wconf 91' lang='lat' dir='ltr'><strong>nutus</strong></span> <span class='ocrx_word' id='word_1_142' title='bbox 1394 2597 1680 2655; x_wconf 83' lang='lat' dir='ltr'><strong>miramur</strong></span> <span class='ocrx_word' id='word_1_143' title='bbox 1717 2597 1933 2670; x_wconf 80' lang='lat' dir='ltr'><strong>aniles,</strong></span> 
     </span>
     <span class='ocr_line' id='line_1_26' title="bbox 510 2681 1918 2741; baseline -0.001 -2"><span class='ocrx_word' id='word_1_144' title='bbox 510 2681 769 2739; x_wconf 82' lang='lat' dir='ltr'><strong>Lumina</strong></span> <span class='ocrx_word' id='word_1_145' title='bbox 805 2689 871 2738; x_wconf 94' lang='lat' dir='ltr'><strong>ut</strong></span> <span class='ocrx_word' id='word_1_146' title='bbox 907 2682 1234 2740; x_wconf 88' lang='lat' dir='ltr'><strong>Inachidos</strong></span> <span class='ocrx_word' id='word_1_147' title='bbox 1272 2682 1461 2741; x_wconf 85' lang='lat' dir='ltr'><strong>multa</strong></span> <span class='ocrx_word' id='word_1_148' title='bbox 1500 2683 1757 2741; x_wconf 89' lang='lat' dir='ltr'><strong>bubulce</strong></span> <span class='ocrx_word' id='word_1_149' title='bbox 1800 2691 1918 2740; x_wconf 85' lang='lat' dir='ltr'><strong>tua.</strong></span> 
     </span>
    </p>

    <p class='ocr_par' dir='ltr' id='par_1_12' title="bbox 425 2765 2017 2929">
     <span class='ocr_line' id='line_1_27' title="bbox 425 2765 2017 2845; baseline -0.001 -18"><span class='ocrx_word' id='word_1_150' title='bbox 425 2765 561 2828; x_wconf 82' lang='lat' dir='ltr'><strong>Sta:</strong></span> <span class='ocrx_word' id='word_1_151' title='bbox 607 2767 1115 2842; x_wconf 85' lang='lat' dir='ltr'><strong>circumspectans</strong></span> <span class='ocrx_word' id='word_1_152' title='bbox 1161 2769 1447 2826; x_wconf 85' lang='lat' dir='ltr'><strong>observa:</strong></span> <span class='ocrx_word' id='word_1_153' title='bbox 1494 2769 1733 2845; x_wconf 86' lang='lat' dir='ltr'><strong>ringere</strong></span> <span class='ocrx_word' id='word_1_154' title='bbox 1774 2769 2017 2826; x_wconf 86' lang='lat' dir='ltr'><strong>frustra.</strong></span> 
     </span>
     <span class='ocr_line' id='line_1_28' title="bbox 511 2851 1871 2929; baseline 0 -20"><span class='ocrx_word' id='word_1_155' title='bbox 511 2851 849 2926; x_wconf 85' lang='lat' dir='ltr'><strong>Explorare</strong></span> <span class='ocrx_word' id='word_1_156' title='bbox 892 2852 1084 2910; x_wconf 90' lang='lat' dir='ltr'><strong>oculis</strong></span> <span class='ocrx_word' id='word_1_157' title='bbox 1129 2853 1339 2909; x_wconf 85' lang='lat' dir='ltr'><strong>intima</strong></span> <span class='ocrx_word' id='word_1_158' title='bbox 1384 2861 1597 2911; x_wconf 87' lang='lat' dir='ltr'><strong>nostra</strong></span> <span class='ocrx_word' id='word_1_159' title='bbox 1640 2853 1871 2929; x_wconf 90' lang='lat' dir='ltr'><strong>nequis.</strong></span> 
     </span>
    </p>
   </div>
   <div class='ocr_carea' id='block_1_7' title="bbox 412 3016 2241 3611">
    <p class='ocr_par' dir='ltr' id='par_1_13' title="bbox 412 3016 2241 3611">
     <span class='ocr_line' id='line_1_29' title="bbox 429 3016 1636 3101; baseline 0.002 -23"><span class='ocrx_word' id='word_1_160' title='bbox 429 3020 620 3096; x_wconf 77' lang='grc' dir='ltr'>ζ(48)</span> <span class='ocrx_word' id='word_1_161' title='bbox 1011 3016 1241 3100; x_wconf 83' lang='grc' dir='ltr'>Ἀνέρα</span> <span class='ocrx_word' id='word_1_162' title='bbox 1286 3021 1636 3101; x_wconf 82' lang='grc' dir='ltr'><strong>λυσσητῆρι.</strong></span> 
     </span>
     <span class='ocr_line' id='line_1_30' title="bbox 426 3105 2197 3183; baseline 0.001 -21"><span class='ocrx_word' id='word_1_163' title='bbox 426 3105 859 3180; x_wconf 80' lang='lat' dir='ltr'><strong>Quemcunque</strong></span> <span class='ocrx_word' id='word_1_164' title='bbox 899 3105 1151 3183; x_wconf 83' lang='lat' dir='ltr'><strong>appetiit</strong></span> <span class='ocrx_word' id='word_1_165' title='bbox 1188 3108 1430 3165; x_wconf 83' lang='lat' dir='ltr'><strong>rabidae</strong></span> <span class='ocrx_word' id='word_1_166' title='bbox 1476 3108 1643 3165; x_wconf 85' lang='lat' dir='ltr'><strong>canis</strong></span> <span class='ocrx_word' id='word_1_167' title='bbox 1680 3125 1818 3165; x_wconf 84' lang='lat' dir='ltr'><strong>acre</strong></span> <span class='ocrx_word' id='word_1_168' title='bbox 1863 3125 2197 3175; x_wconf 83' lang='lat' dir='ltr'><strong>venenum3</strong></span> 
     </span>
     <span class='ocr_line' id='line_1_31' title="bbox 513 3189 1965 3269; baseline 0.002 -23"><span class='ocrx_word' id='word_1_169' title='bbox 513 3189 632 3247; x_wconf 91' lang='lat' dir='ltr'><strong>Hic</strong></span> <span class='ocrx_word' id='word_1_170' title='bbox 665 3190 829 3248; x_wconf 82' lang='lat' dir='ltr'><strong>videt</strong></span> <span class='ocrx_word' id='word_1_171' title='bbox 871 3191 937 3248; x_wconf 91' lang='lat' dir='ltr'><strong>in</strong></span> <span class='ocrx_word' id='word_1_172' title='bbox 982 3190 1196 3250; x_wconf 89' lang='lat' dir='ltr'><strong>mediis</strong></span> <span class='ocrx_word' id='word_1_173' title='bbox 1237 3201 1473 3269; x_wconf 84' lang='lat' dir='ltr'><strong>spectra</strong></span> <span class='ocrx_word' id='word_1_174' title='bbox 1515 3192 1731 3250; x_wconf 82' lang='lat' dir='ltr'><strong>canina</strong></span> <span class='ocrx_word' id='word_1_175' title='bbox 1770 3190 1965 3250; x_wconf 76' lang='lat' dir='ltr'><strong>vadis·</strong></span> 
     </span>
     <span class='ocr_line' id='line_1_32' title="bbox 425 3275 1989 3354; baseline 0.001 -21"><span class='ocrx_word' id='word_1_176' title='bbox 425 3275 667 3333; x_wconf 86' lang='lat' dir='ltr'><strong>Forsan</strong></span> <span class='ocrx_word' id='word_1_177' title='bbox 711 3283 770 3332; x_wconf 92' lang='lat' dir='ltr'><strong>et</strong></span> <span class='ocrx_word' id='word_1_178' title='bbox 810 3277 1058 3354; x_wconf 85' lang='lat' dir='ltr'><strong>infregit</strong></span> <span class='ocrx_word' id='word_1_179' title='bbox 1091 3279 1419 3354; x_wconf 85' lang='lat' dir='ltr'><strong>genuinum</strong></span> <span class='ocrx_word' id='word_1_180' title='bbox 1461 3278 1723 3353; x_wconf 89' lang='lat' dir='ltr'><strong>percitus</strong></span> <span class='ocrx_word' id='word_1_181' title='bbox 1765 3277 1829 3334; x_wconf 90' lang='lat' dir='ltr'><strong>in</strong></span> <span class='ocrx_word' id='word_1_182' title='bbox 1869 3295 1989 3348; x_wconf 87' lang='lat' dir='ltr'><strong>me,</strong></span> 
     </span>
     <span class='ocr_line' id='line_1_33' title="bbox 515 3357 1816 3439; baseline 0.002 -21"><span class='ocrx_word' id='word_1_183' title='bbox 515 3357 808 3438; x_wconf 82' lang='lat' dir='ltr'><strong>Sensibus</strong></span> <span class='ocrx_word' id='word_1_184' title='bbox 855 3371 914 3419; x_wconf 91' lang='lat' dir='ltr'><strong>et</strong></span> <span class='ocrx_word' id='word_1_185' title='bbox 953 3363 1097 3420; x_wconf 90' lang='lat' dir='ltr'><strong>totis</strong></span> <span class='ocrx_word' id='word_1_186' title='bbox 1141 3381 1237 3420; x_wconf 91' lang='lat' dir='ltr'><strong>me</strong></span> <span class='ocrx_word' id='word_1_187' title='bbox 1281 3363 1568 3439; x_wconf 82' lang='lat' dir='ltr'><strong>spoliavit</strong></span> <span class='ocrx_word' id='word_1_188' title='bbox 1608 3366 1816 3421; x_wconf 86' lang='lat' dir='ltr'><strong>Amor.</strong></span> 
     </span>
     <span class='ocr_line' id='line_1_34' title="bbox 412 3442 2241 3521; baseline 0 -19"><span class='ocrx_word' id='word_1_189' title='bbox 412 3442 588 3512; x_wconf 65' lang='lat' dir='ltr'><strong>⁴Nam</strong></span> <span class='ocrx_word' id='word_1_190' title='bbox 624 3444 772 3500; x_wconf 91' lang='lat' dir='ltr'><strong>mihi</strong></span> <span class='ocrx_word' id='word_1_191' title='bbox 815 3446 982 3505; x_wconf 86' lang='lat' dir='ltr'><strong>salsa</strong></span> <span class='ocrx_word' id='word_1_192' title='bbox 1019 3455 1158 3507; x_wconf 92' lang='lat' dir='ltr'><strong>tuos</strong></span> <span class='ocrx_word' id='word_1_193' title='bbox 1203 3448 1473 3505; x_wconf 85' lang='lat' dir='ltr'><strong>referunt</strong></span> <span class='ocrx_word' id='word_1_194' title='bbox 1516 3447 1701 3506; x_wconf 81' lang='lat' dir='ltr'><strong>maris</strong></span> <span class='ocrx_word' id='word_1_195' title='bbox 1730 3465 1996 3521; x_wconf 84' lang='lat' dir='ltr'><strong>aequora</strong></span> <span class='ocrx_word' id='word_1_196' title='bbox 2019 3445 2241 3516; x_wconf 86' lang='lat' dir='ltr'><strong>vultus,</strong></span> 
     </span>
     <span class='ocr_line' id='line_1_35' title="bbox 466 3527 1937 3611; baseline 0.004 -26"><span class='ocrx_word' id='word_1_197' title='bbox 466 3527 926 3611; x_wconf 44' lang='lat' dir='ltr'><strong>⁷-Eluminaque,</strong></span> <span class='ocrx_word' id='word_1_198' title='bbox 972 3540 1032 3589; x_wconf 89' lang='lat' dir='ltr'><strong>et</strong></span> <span class='ocrx_word' id='word_1_199' title='bbox 1070 3532 1231 3591; x_wconf 93' lang='lat' dir='ltr'><strong>dulci</strong></span> <span class='ocrx_word' id='word_1_200' title='bbox 1265 3533 1486 3609; x_wconf 82' lang='lat' dir='ltr'><strong>pocula</strong></span> <span class='ocrx_word' id='word_1_201' title='bbox 1524 3533 1704 3610; x_wconf 84' lang='lat' dir='ltr'><strong>plena</strong></span> <span class='ocrx_word' id='word_1_202' title='bbox 1747 3551 1937 3591; x_wconf 77' lang='lat' dir='ltr'><strong>mero·</strong></span> 
     </span>
    </p>
   </div>
  </div>
 </body>
</html>
