2452 4186
1195 296 1317 357 118

338 462 630 523 Fabullus
670 464 892 541 amplis
930 464 1269 540 latifundiis
1309 466 1560 542 Lycum,

339 547 623 607 Nummis
662 550 982 610 Fabullum
1024 551 1374 609 foenerator
1413 549 1700 623 Bracara,

339 635 420 693 Et
455 634 634 708 hunc,
682 642 743 692 et
778 634 948 691 illum
992 636 1353 711 pisculentis
1395 644 1693 712 provocat

341 718 589 797 Stagnis
625 720 882 778 Alauda.
930 718 1235 792 Quantum
1279 721 1469 778 habes
1516 721 1714 779 omnis
1759 721 1926 796 cupit

337 804 609 877 Habere,
653 805 764 864 sed
810 812 876 863 tu
916 824 1036 863 non
1081 806 1273 864 habes
1319 812 1607 881 quantum
1647 805 1839 881 cupis.

340 974 443 1033 32.
533 972 730 1049 Caput
767 974 1036 1033 tenebris
1083 983 1402 1032 exerentes
1442 974 1674 1046 literas,

341 1056 508 1132 Quas
556 1058 740 1136 longa
782 1058 939 1118 curis
988 1059 1206 1117 excolit
1250 1059 1479 1118 sensim
1523 1059 1677 1132 dies,

338 1143 615 1220 Repente
655 1142 819 1202 dirus
862 1144 1076 1203 Martis
1125 1151 1185 1202 et
1231 1143 1604 1220 Sophistices

338 1229 600 1306 Fugabit
642 1238 849 1288 aestus
894 1249 1019 1289 non
1063 1247 1417 1289 reversuras
1468 1228 1690 1287 statim.

341 1314 532 1372 Morbi
567 1313 900 1391 ingruentis
943 1322 1037 1373 est
1078 1315 1318 1372 medela
1361 1314 1628 1391 segnior,

340 1396 535 1471 Quam
579 1400 842 1458 morbus.
885 1419 1033 1458 aevo
1077 1400 1295 1459 crescit
1339 1399 1576 1457 occulto
1617 1417 1870 1457 nemus:

337 1482 597 1556 Puncto,
645 1485 919 1558 sequacis
960 1485 1119 1561 ignis
1164 1485 1372 1542 afflatu
1411 1483 1588 1560 perit.

338 1568 567 1645 Vigore
604 1568 768 1626 lento
811 1577 1018 1627 nostra
1060 1578 1338 1627 crescunt
1380 1586 1668 1645 corpora:

340 1651 557 1713 Statim
598 1652 934 1711 labascunt.
978 1652 1184 1710 Tarda
1223 1654 1507 1711 virtutum
1549 1652 1833 1728 augmina

340 1735 474 1797 Cito
519 1737 962 1815 opprimuntur,
1013 1756 1129 1795 non
1172 1739 1542 1796 reviviscunt
1587 1737 1722 1795 cito.

340 1906 441 1964 33.
531 1904 651 1979 Qui
690 1905 1154 1965 Grammatistas
1201 1905 1419 1983 spiritu
1456 1906 1654 1965 difflas
1697 1915 1824 1980 tue,

336 1990 418 2049 Et
463 2009 838 2049 summovere
883 1984 1152 2050 fascibus
1196 1991 1440 2068 linguae
1479 1992 1645 2051 soles

339 2073 600 2136 Criticos
641 2076 896 2135 clientes
939 2076 1251 2134 literarum
1294 2075 1612 2137 inertium:

339 2159 462 2221 Cur
508 2160 817 2238 dignitatis
861 2161 1209 2236 ordinisque
1254 2161 1566 2239 negligens

339 2244 480 2317 Tui,
521 2245 768 2305 libellos
811 2245 1379 2305 Grammatistarum
1426 2247 1602 2325 legis,

339 2328 612 2407 Sophiae
652 2330 937 2404 medulla,
980 2331 1160 2389 docta
1201 2330 1475 2390 Naturae
1519 2332 1754 2404 schola,

338 2413 501 2474 culti
541 2415 816 2474 Platonis
861 2416 1148 2475 educatus
1192 2417 1254 2474 in
1303 2417 1481 2476 sinu?

336 2500 499 2578 Ergo
537 2499 751 2573 libelli,
788 2520 941 2576 quos
987 2502 1156 2574 teris,
1205 2510 1264 2559 te
1301 2503 1523 2573 iudice,

339 2583 495 2665 Sunt
536 2586 784 2661 aliquid,
832 2606 870 2643 a
905 2595 967 2644 te
1010 2605 1191 2662 quum
1231 2587 1528 2665 legantur,
1574 2594 1634 2642 et
1679 2584 1874 2661 magis

337 2668 429 2727 Te
476 2672 816 2743 confitente,
862 2690 1041 2747 quam
1084 2672 1344 2744 volente,
1390 2680 1530 2731 sunt
1577 2671 1741 2728 boni.

335 2753 628 2813 Doctrina
665 2775 887 2833 magna
926 2765 1039 2829 est,
1081 2776 1237 2831 quae
1278 2757 1478 2831 placet
1517 2755 1881 2814 nolentibus.
1964 2791 1978 2802 ·

338 2920 440 2981 34.
525 2921 1095 3001 Philologomastix,
1129 2933 1190 2982 et
1229 2924 1517 3002 Sophista
1553 2925 1870 2997 barbarae,

338 3004 463 3068 Sed
494 3007 612 3067 iste
660 3008 866 3082 nullis,
905 3010 1010 3068 ille
1050 3011 1263 3086 paucis
1302 3010 1520 3083 literis,

337 3089 457 3150 Hic
502 3093 771 3152 veritatis
815 3112 980 3167 osor,
1025 3095 1134 3153 ille
1176 3096 1356 3173 iurgii

337 3175 647 3254 Captatur,
685 3180 749 3236 in
794 3197 903 3238 nos
950 3180 1073 3238 tela
1114 3179 1479 3258 distringunt
1520 3198 1651 3250 sua,

334 3262 415 3320 Et
455 3270 671 3322 nostra
706 3264 882 3324 dictis
928 3266 1155 3342 scripta
1199 3266 1551 3340 discerpunt
1592 3262 1789 3322 malis.

336 3344 462 3407 Sed
503 3366 611 3406 nos
651 3348 966 3408 lacessunt
1001 3351 1301 3426 plumbeis
1346 3348 1749 3408 mucronibus.

336 3429 645 3509 Sophista,
692 3435 872 3506 etis,
915 3452 1093 3510 quem
1134 3435 1516 3512 praenotavi,
1559 3441 1702 3492 sunt
1743 3430 1863 3489 duo

333 3516 481 3575 Pari
523 3517 751 3592 furore,
791 3519 1022 3596 dispari
1063 3522 1245 3598 genio
1294 3538 1496 3579 canes.
