2452 4186
1194 287 1336 345 ’286

452 456 864 529 Ambrosiam,
910 454 1218 515 Chai-itum
1264 455 1454 513 millia
1491 455 1697 514 fundis
1737 456 1951 514 adhue.

375 623 566 701 (6³5)
892 618 1229 702 Ἠράσθην.
1278 619 1364 688 τίς
1406 619 1458 682 δ’
1510 619 1671 703 οὐχὶ.

373 706 715 769 Comissavi
757 709 927 767 alias.
971 710 1146 784 quasi
1190 728 1370 767 nemo
1416 709 1535 767 hoe
1570 709 1797 767 fecerit.
1840 710 1961 769 arsi

458 794 530 851 In
566 795 774 853 furias.
823 794 997 869 quasi
1040 813 1164 851 non
1210 813 1308 851 me
1346 794 1580 852 furiarit
1620 796 1830 853 Amor.

369 880 524 940 Alea
573 897 731 937 nune
774 879 934 936 iacta
978 886 1089 937 est.
1132 879 1270 936 cani
1310 879 1571 950 subiere,
1610 879 1854 954 piloque

298 962 303 969 ’
456 963 639 1022 Nune
685 964 927 1039 sapiens
978 972 1147 1022 aetas
1193 964 1491 1022 deteriore
1534 963 1716 1021 venit.

374 1047 526 1109 Cum
566 1050 923 1123 tempestive
966 1048 1155 1121 licuit,
1203 1057 1328 1106 tum
1366 1048 1641 1106 lusimus.
1686 1056 1748 1105 at
1788 1067 1967 1122 nune,

459 1134 726 1209 Tempus
769 1135 872 1192 ubi
918 1153 1042 1191 non
1085 1141 1198 1206 est,
1242 1135 1316 1190 ad
1358 1133 1614 1191 meliora
1658 1152 1861 1192 vocor.

378 1301 572 1379 ζ(96)
832 1294 833 1301 ¹
954 1295 1272 1379 Ἠράσθης
1309 1302 1613 1360 πλουτῶν.

373 1387 566 1446 Dives
610 1386 910 1457 amavisti,
960 1384 1322 1446 Sosicrates.
1371 1389 1487 1445 Ast
1530 1385 1712 1444 modo
1765 1404 1991 1460 pauper

457 1471 680 1531 Nullus
726 1490 916 1529 amas.
951 1472 1206 1547 'Quanta
1251 1481 1364 1544 est,
1409 1471 1586 1548 proh,
1633 1470 1935 1528 medicina
1959 1470 2211 1530 fames?

377 1558 551 1632 Quae
594 1565 653 1615 te
694 1557 1062 1630 deliciasque
1105 1576 1396 1631 suumque
1443 1557 1698 1614 vocabat
1740 1555 2027 1628 Adonim,

459 1640 837 1717 Menophile,
882 1660 1106 1698 nomen
1149 1662 1309 1701 nunc
1343 1649 1514 1718 rogat
1557 1641 1666 1698 illa
1705 1647 1893 1698 tuum.

374 1728 552 1799 Fare,
591 1725 766 1800 quis?
802 1725 979 1784 Unde
1018 1725 1243 1785 domo?
1284 1746 1436 1802 quae
1479 1744 1630 1803 gens
1662 1725 1815 1783 tibi?
1859 1744 2020 1783 nunc
2046 1726 2210 1783 bene

1692 1810 1857 1869 nosti

458 1896 787 1970 Antiquum
834 1896 978 1953 hoo:
1023 1895 1274 1972 Inopem
1320 1896 1521 1954 nullus
1565 1915 1767 1953 amare
1815 1894 1994 1953 solet.

380 2064 573 2141 ζ(97)
871 2058 952 2124 ‘H
997 2060 1242 2143 χαλεπὴ
1286 2061 1441 2124 κατὰ
1481 2063 1695 2125 πάντα.

374 2152 614 2224 Aspera
660 2159 720 2207 et
760 2150 1054 2209 indomita
1091 2149 1329 2206 feritate
1375 2150 1697 2210 Philesion
1735 2150 1863 2222 illa,

415 2264 423 2272 ·
462 2235 581 2292 Illa
622 2234 833 2308 ullum,
877 2234 1081 2310 precio
1126 2254 1252 2292 non
1296 2235 1449 2309 sine,
1490 2255 1680 2312 passa
1729 2236 1943 2308 virum,

375 2321 579 2379 Mitior
618 2322 767 2378 haec
819 2338 976 2378 nune
1018 2338 1156 2378 esse
1196 2319 1448 2379 videtur.
1498 2330 1560 2378 at
1599 2339 1738 2379 esse
1782 2319 1975 2378 videri

461 2405 596 2464 Hoc
638 2405 794 2479 leve,
839 2413 1129 2462 mutatum
1173 2424 1462 2481 neci-eor
1504 2406 1832 2483 ingenium.

379 2490 485 2552 Sic
528 2509 680 2565 quae
722 2491 925 2548 lenitis
967 2491 1342 2549 mansuescit
1381 2492 1652 2550 moribus
1694 2491 1885 2566 aspie,

465 2574 616 2635 Cum
665 2576 920 2648 mordet,
962 2575 1153 2633 nihilo
1196 2577 1395 2635 secius
1439 2576 1547 2633 illa
1598 2583 1792 2633 necat.

380 2744 573 2821 ((99)
916 2737 1119 2823 Μικκὴ
1158 2742 1260 2803 καὶ
1305 2744 1673 2822 μελανεῢσα.

376 2832 458 2891 Et
490 2838 672 2905 patua
718 2836 813 2886 est
857 2837 917 2885 et
956 2828 1131 2886 fusca
1166 2829 1547 2889 Philaenion.
1596 2833 1711 2888 Ast
1754 2848 1930 2907 mage
1974 2830 2170 2888 molle

462 2913 610 2974 Non
652 2914 879 2990 apium,
920 2932 1046 2970 non
1091 2921 1186 2972 est
1226 2915 1507 2973 blandior
1542 2935 1735 2992 agnus
1776 2934 1866 2974 ea.

377 2999 525 3058 Non
567 2999 717 3057 illex
760 2998 846 3054 ita
891 3005 1115 3070 cestus,
1159 3007 1224 3056 ut
1266 3000 1396 3059 eius
1444 3002 1645 3058 verba.
1688 3000 1910 3058 Patere

467 3085 788 3156 Omnibus,
830 3082 1131 3140 interdum
1171 3103 1428 3161 poscere
1466 3104 1672 3163 pai-ea,
1718 3085 1893 3144 solet.

377 3170 551 3228 Haec
595 3169 834 3245 placeat
870 3168 1017 3224 mihi
1059 3170 1196 3227 sola
1236 3170 1621 3243 Philaenion,
1665 3189 1850 3228 aurea
1892 3167 2103 3246 Cypri,

463 3253 788 3315 Succurrat
828 3254 1026 3329 potior
1069 3254 1260 3313 donec
1304 3256 1502 3313 amica
1543 3255 1707 3313 mihi.

382 3421 618 3504 (000)
966 3418 1024 3480 Ψ
1030 3423 1228 3505 αλμὸς
1270 3424 1371 3486 καὶ
1410 3423 1614 3504 λαλιὴ.

378 3512 500 3571 Ars
546 3509 752 3567 fidium
791 3517 968 3584 atque
1011 3510 1278 3586 loquela,
1311 3519 1634 3590 argutaque
1671 3509 1923 3583 lumina,
1954 3526 2213 3569 carmen
