2452 4186
1130 338 1252 396 283

281 504 389 567 Sin
431 514 493 564 te
536 506 705 582 virgo
749 505 933 581 capit:
974 505 1071 564 vel
1115 525 1249 564 eam
1290 507 1399 564 tibi
1443 509 1670 565 nubere
1714 508 1808 566 ius
1852 516 1965 581 est,

360 590 480 649 Vel
524 599 932 667 corruptorum
977 599 1072 650 cst
1113 610 1317 667 poena
1357 592 1605 650 ferenda
1646 592 1774 650 tibi.

273 676 515 752 Nuptas
562 675 890 734 sollicitare
927 675 1007 732 ad
1054 684 1282 751 stupra,
1325 677 1485 751 quis,
1541 677 1700 734 unde
1743 676 2021 753 voluptas

362 761 555 820 Nulla
596 768 711 833 est,
757 761 1136 835 quantumvis
1184 762 1419 838 cogitur
1463 763 1621 838 ipse,
1667 763 1917 839 potest?

272 848 390 906 Est
429 846 494 904 in
540 845 853 904 adulteriis
892 846 1082 903 multa
1123 846 1278 919 alea,
1323 848 1553 905 fructus
1597 847 1824 905 amoris

360 929 608 990 Nullus,
653 932 725 989 In
760 931 855 988 his
901 932 1072 1006 pueri
1121 939 1214 989 est
1258 931 1449 1007 turpis
1490 932 1802 991 habendus
1850 950 2039 989 amor.

272 1015 652 1092 volgivagae
685 1015 898 1072 viduae
939 1016 1172 1092 passim
1219 1035 1367 1075 suus
1416 1025 1583 1074 extat
1622 1025 1855 1074 amator
1869 1038 1885 1087 3

360 1101 607 1177 Quippe
653 1100 939 1171 animum,
982 1120 1184 1159 mores
1224 1109 1284 1158 et
1322 1103 1655 1161 meretricis
1695 1103 1895 1160 habet.

274 1183 517 1244 Castior
558 1184 699 1244 est?
738 1185 850 1243 tibi
891 1185 993 1242 vix
1040 1187 1432 1243 succumbere
1471 1188 1689 1262 vixque
1738 1195 1960 1259 coacta,
2048 1202 2051 1206 ’

361 1271 515 1329 Mox
562 1270 843 1329 stimulos
886 1270 1011 1328 odii
1052 1270 1319 1347 concipit
1363 1291 1548 1347 aegra
1593 1272 1758 1329 novi.

265 1355 523 1414 Factum
564 1355 721 1413 odit:
761 1355 905 1429 quia
945 1373 1058 1411 nec
1101 1356 1279 1431 periit
1322 1356 1516 1430 pudor
1559 1356 1779 1428 omnis,
1823 1355 2018 1414 amori

358 1442 555 1516 Aptas
600 1440 890 1499 solvendo
938 1441 1230 1514 quaeritat
1272 1459 1467 1516 usque
1509 1460 1734 1499 moras.

271 1523 385 1585 Sin
432 1525 622 1601 magis
674 1524 927 1581 ancillae
974 1525 1209 1602 cupidis
1255 1526 1641 1602 amplexibus
1685 1526 1930 1583 haeres:

357 1607 501 1670 Sive
539 1618 642 1666 tua
685 1617 808 1681 est3
850 1610 1113 1667 famulae
1150 1629 1361 1668 servus
1406 1630 1471 1669 es
1513 1611 1648 1686 ipse
1683 1618 1847 1667 tuae:

271 1691 421 1754 Sive
466 1695 692 1765 aliena3
735 1703 938 1753 notam
979 1695 1090 1752 tibi
1136 1695 1243 1753 lex
1286 1704 1486 1753 tamen
1524 1696 1775 1772 irrogat,
1818 1694 1879 1751 in
1927 1702 1986 1751 te

357 1780 647 1854 Mancipii
685 1780 844 1837 haud
883 1780 1111 1856 proprii
1153 1780 1399 1837 nomine
1442 1783 1668 1857 probra
1710 1780 1894 1839 cienS.

269 1862 393 1923 His
440 1883 507 1923 se
545 1863 861 1941 Diogenes
909 1865 1159 1941 pulchre
1204 1865 1546 1923 extricavit:
1592 1866 1671 1922 Et
1712 1865 1803 1922 illi

355 1949 599 2019 Pellex,
644 1950 873 2025 absque
912 1950 1036 2007 ulla
1079 1950 1293 2023 Laide,
1339 1949 1544 2027 palma
1588 1951 1719 2008 fuit.

873 2114 1166 2199 ’Όμματα
1208 2117 1481 2184 δινεύεις.
1905 2115 2102 2199 ζ(82)

267 2203 539 2261 Lumina
582 2203 918 2277 distorques
964 2207 1178 2264 tacitas
1222 2206 1549 2282 prodentia
1585 2207 1889 2263 flammas:

354 2287 586 2346 Ductas
624 2308 925 2364 purpurea
968 2291 1145 2366 valga
1184 2290 1408 2347 labella
1451 2309 1628 2348 rosa:

266 2372 604 2450 Fringultis
652 2374 1001 2431 tremulum:
1050 2374 1252 2431 vibras
1292 2373 1526 2431 lasciva
1570 2372 1859 2448 capillos:

357 2459 555 2515 Iactas
603 2458 851 2531 effusas,
895 2478 992 2516 me
1029 2477 1268 2532 quoque
1306 2466 1483 2530 teste,
1534 2476 1781 2515 manus:

266 2546 356 2603 At
395 2542 665 2600 nondum
708 2543 816 2600 illa
855 2543 943 2600 tui
986 2543 1201 2601 cecidit
1245 2543 1580 2600 constantia
1619 2543 1831 2600 fastus,

354 2629 624 2686 Marces:
667 2627 770 2684 ille
820 2636 1022 2686 tamen
1066 2627 1372 2686 masculus
1418 2629 1636 2686 horror
1680 2626 1872 2684 adest.

855 2790 982 2854 Νῦν
1032 2794 1528 2875 καταγιγνώσκω.
1910 2794 2101 2872 ζ(83)

267 2883 512 2954 Mirum,
554 2880 717 2956 quod
760 2900 887 2938 non
929 2889 1119 2940 mutet
1162 2883 1240 2940 ob
1281 2883 1436 2938 hanc
1480 2898 1548 2939 se
1593 2880 1885 2957 Iuppiter.
1932 2880 2025 2937 illi

355 2966 617 3025 Irascor.
662 2966 829 3023 rudis
878 2975 1005 3024 est:
1050 2967 1135 3024 nil
1176 2967 1238 3024 in
1284 2985 1492 3025 amore
1536 2967 1716 3024 videt.

268 3048 368 3107 De
406 3052 609 3109 forma
650 3070 775 3109 non
808 3051 1116 3127 Europae,
1159 3052 1451 3110 Danaeve
1490 3051 1751 3128 puellae,

352 3135 501 3194 Non
551 3155 622 3192 ea
667 3136 981 3209 concedat,
1031 3137 1290 3194 candida
1326 3137 1517 3208 Leda,
1565 3136 1694 3193 tibi.

267 3218 358 3278 Ni
400 3221 552 3278 forte
596 3229 712 3292 est,
754 3220 917 3295 quod
960 3229 1155 3280 scorta
1189 3221 1345 3297 fugit
1385 3221 1679 3298 vulgaria,
1723 3219 1956 3296 Regum

357 3302 641 3381 Corrupit
679 3314 871 3364 natas.
913 3305 1071 3379 Hoc,
1113 3306 1266 3377 scio,
1308 3306 1531 3364 crimen
1572 3306 1771 3362 habet.

805 3471 1105 3555 Ἀρσενας
1151 3470 1341 3538 ἄλλος
1391 3469 1548 3555 ἔχοι.
1909 3472 2099 3549 ζ(84)

271 3558 332 3619 Ο
379 3560 578 3619 valeat
610 3558 864 3636 puerilis
909 3579 1098 3619 amor.
1145 3558 1583 3637 complexibus
1627 3569 1766 3619 utor
