2452 4186
1217 285 1336 344 ¹04

363 455 449 513 Di
492 454 800 531 prohibete
848 455 1042 513 nefas·
1090 454 1376 526 habeant,
1423 472 1570 527 quos
1611 461 1890 527 tempore
1935 453 2097 511 nullo

361 541 529 599 Laus
576 540 778 598 aliena
819 540 963 597 sinit
1006 558 1251 598 securos
1300 558 1551 615 carpere
1600 556 1868 610 somnos,

363 625 553 699 Inque
597 625 735 683 aliis
780 624 985 696 odere,
1030 624 1146 683 sibi
1187 625 1343 699 quod
1386 625 1611 681 abesse
1647 630 1999 697 queruntur,

362 708 512 768 Non
555 728 710 785 quos
755 709 1035 786 ingenuis
1084 709 1368 766 decorant
1415 708 1721 766 natalibus
1768 717 1958 781 artu8‚

362 795 443 854 Et
484 794 701 869 quibus
743 794 996 852 incaluit
1037 813 1341 870 generoso
1379 793 1673 871 sanguine
1716 802 1946 869 pectus·

364 880 626 938 Ventum
676 887 771 937 est
814 880 891 936 ad
935 897 1250 937 summum.
1306 878 1453 936 nihil
1496 897 1534 935 a
1576 878 1782 936 livoris
1828 878 2021 952 iniqui

363 964 667 1023 Dentibus
709 964 999 1033 intactum
1044 973 1156 1021 est.
1210 964 1446 1022 scandit
1487 964 1607 1020 iam
1653 963 1861 1021 sidera
1894 961 2111 1039 pestis.

367 1049 667 1124 Quocirca
708 1053 981 1107 moestae
1025 1048 1275 1107 deiectis
1319 1049 1582 1106 vultibus
1627 1052 1807 1107 Artes

366 1134 576 1192 Exilio
617 1134 863 1192 voluere
909 1141 1200 1192 nocentes
1249 1142 1482 1191 vertere
1523 1142 1717 1191 terras

363 1219 613 1277 Exosae
657 1219 863 1296 nigros
909 1237 1109 1277 mores
1154 1226 1213 1275 et
1257 1218 1509 1276 crimina
1556 1218 1764 1276 saecli.

365 1304 616 1379 Iamque
656 1304 719 1361 in
760 1305 1074 1380 procinctu
1114 1310 1437 1376 steterant,
1486 1304 1830 1376 abitumque
1869 1302 2201 1377 parabant,

368 1388 570 1464 Quum
618 1389 729 1447 tibi
769 1408 951 1461 mors,
992 1389 1190 1465 Lipsi‚
1236 1390 1440 1448 fessos
1485 1389 1748 1464 operiret
1786 1387 2037 1446 ocellos.

366 1474 601 1533 Invicta
649 1481 712 1531 at
754 1474 946 1548 pietas
992 1474 1289 1549 tantisper
1332 1482 1493 1532 stare
1540 1473 1754 1550 coegit,

366 1558 531 1617 Dum
575 1577 861 1635 suprema
903 1578 1011 1616 suo
1056 1558 1389 1617 solvissent
1430 1559 1594 1616 iusta
1630 1558 1888 1633 parenti.

367 1645 519 1701 Mox
566 1650 625 1700 te
665 1642 799 1714 illo,
846 1662 966 1717 quo
1012 1651 1075 1699 tu
1123 1642 1355 1719 fugisti,
1402 1643 1556 1702 c'alle
1595 1653 1936 1716 sequentur.

366 1727 543 1787 Felix
583 1748 618 1786 o
658 1727 907 1784 nimium
951 1727 1117 1784 felix.
1170 1728 1509 1792 viventibus
1565 1728 1732 1799 olim,

368 1812 597 1871 Vixisti
642 1812 888 1870 studiis:
933 1812 1183 1869 moreris
1221 1813 1621 1871 morientibus
1656 1812 1899 1870 iisdem.

679 1980 774 2039 10.
855 1982 1246 2056 Epitaphium
1291 1983 1381 2038 Io.
1427 1982 1670 2037 Boiselli
1713 1983 1767 2037 I.
1817 1980 1877 2037 C.

365 2059 565 2140 Quae,
607 2065 903 2138 Boiselle‚
950 2065 1064 2122 fuit
1112 2073 1389 2124 votorum
1437 2084 1672 2124 summa
1716 2073 1967 2137 tuorum,

453 2150 549 2207 En
586 2151 889 2208 volvenda
927 2151 1081 2208 ultro
1120 2151 1376 2208 contulit
1414 2151 1560 2207 hora
1595 2151 1722 2210 tibi.

372 2234 555 2309 Quod
598 2240 736 2293 non
764 2235 1015 2292 ulterius
1062 2235 1240 2293 terris
1293 2235 1611 2293 considere
1661 2235 1870 2307 velles,

454 2319 651 2394 Quam
695 2321 926 2394 patriae
962 2338 1185 2396 posses
1236 2320 1413 2378 utilis·
1449 2338 1586 2378 esse
1628 2329 1785 2378 tuae.

371 2403 533 2462 Nam
576 2406 849 2479 quamvis
898 2406 1116 2462 haustu
1154 2405 1522 2463 Phoebaeae
1567 2405 1722 2464 lucis
1764 2405 1999 2462 ademto

452 2489 761 2567 Perpetua
798 2499 937 2548 ante
984 2490 1197 2548 oeulos
1243 2510 1363 2548 nox
1412 2490 1579 2548 stetit
1618 2498 1748 2546 atra
1787 2497 1954 2547 tuos:

370 2575 749 2633 Indelibatae
786 2577 976 2633 virtus
1016 2584 1220 2632 tamen
1265 2576 1500 2652 integra
1543 2575 1788 2646 mentis,

453 2660 533 2717 Et
573 2680 683 2736 pro
726 2661 998 2719 sollicitis
1047 2660 1315 2736 impigra*
1352 2678 1494 2717 cura
1533 2660 1680 2730 reis,

370 2743 628 2821 Semper
671 2745 987 2804 inextincti
1033 2745 1274 2802 suffecit
1315 2744 1561 2802 luminis
1609 2763 1804 2814 usum,

455 2827 663 2887 Civica
705 2849 812 2904 pro
851 2830 1049 2887 dubiis
1100 2829 1310 2887 litibus
1351 2847 1520 2886 arma
1563 2830 1789 2887 ferens.

366 2919 458 2973 Ac
504 2933 786 2990 suprema
830 2915 972 2973 licet
1014 2913 1212 2990 spatio
1255 2914 1364 2972 tibi
1406 2915 1529 2972 vita
1573 2922 1817 2990 peracto

456 2997 806 3076 Stringebat
841 3007 1035 3056 metas
1079 2999 1364 3057 interiore
1411 3009 1579 3057 rota:

334 3084 673 3157 ,Mansisti,
723 3092 788 3142 ut
828 3103 1045 3160 posses
1091 3084 1324 3159 patriae
1371 3104 1733 3161 componere
1775 3083 1944 3152 lites;

454 3168 791 3244 Postquam
835 3176 1142 3246 perpetua,
1173 3169 1278 3226 lite
1326 3171 1585 3242 laborat,
1636 3170 1788 3227 abis.
1814 3215 1845 3221 ff

648 3341 742 3397 11.
829 3341 1218 3415 Epitaphium
1269 3340 1504 3416 Georqii
1551 3340 1916 3398 Buchanam’.

366 3422 704 3499 Postquam
743 3425 921 3482 laude
966 3433 1071 3482 tua
1112 3425 1396 3500 patriam,
1435 3425 1788 3498 meritisque
1832 3424 2056 3496 beasti,

455 3507 846 3581 Buchanane‚
889 3510 1011 3568 tuis
1055 3508 1216 3570 Solis
1263 3518 1576 3585 utrumque
1615 3510 1808 3567 latus:
