2452 4186
1125 340 1249 401 363

276 501 489 562 Genus
531 512 841 578 necantes,
876 507 1012 584 lege
1055 511 1339 568 sanciens
1379 520 1528 569 rata.

276 588 333 647 O
380 597 591 662 mater,
639 610 675 647 o
716 591 957 649 misella
998 602 1207 667 mater,
1255 614 1366 652 nec
1411 604 1516 653 tua

272 674 437 732 Laus
483 675 782 732 interibit:
839 677 981 750 quin
1027 678 1230 756 virago
1268 680 1483 738 Persei

273 759 596 817 Triformis
646 759 810 818 Orca
855 769 912 818 te
953 781 1162 822 canem
1204 766 1598 840 pernoctibus

275 833 536 904 Saevam
581 844 856 902 efferabit
898 847 960 904 in
1006 848 1172 906 viros
1225 850 1570 923 nictatibus,

274 929 512 1003 Quique
549 929 907 1005 imperantis
957 929 1270 1009 Strymoni
1320 934 1645 994 Caniculae

271 1014 548 1073 Delubra
590 1015 903 1090 flam[m]is
953 1037 1076 1075 non
1121 1018 1327 1077 colent
1370 1021 1742 1095 ardentibus,

270 1100 605 1157 Pheraeam
656 1100 863 1176 opima
906 1103 1090 1159 caede
1135 1104 1447 1178 placantes
1489 1107 1680 1165 deam.

272 1183 398 1245 Sed
440 1184 604 1242 busti
644 1184 845 1243 inanis
891 1186 1160 1245 insulare
1202 1189 1491 1264 cespitem

268 1270 549 1346 Pachyni
590 1269 839 1328 habebit
875 1271 1134 1344 culmen,
1176 1292 1254 1330 ex
1294 1274 1611 1334 insomniis

268 1355 426 1413 Heri
470 1354 737 1412 timentis
788 1355 1111 1413 excitatum
1160 1357 1431 1431 dextera,

270 1440 368 1498 Ad
408 1459 624 1516 purum
672 1439 890 1498 Helori
929 1442 1244 1499 funeratae
1290 1445 1620 1520 marginem

273 1526 398 1601 Qui
438 1525 682 1582 functae
720 1525 783 1582 in
826 1527 951 1584 oris
990 1527 1210 1584 inferet
1243 1527 1533 1586 libamina

272 1610 519 1668 Triviae
563 1610 828 1668 furorem
874 1612 1106 1668 scilicet
1146 1612 1367 1671 timens
1420 1613 1590 1690 deae,

270 1694 445 1768 Quod
495 1694 725 1770 primus
774 1696 1003 1754 audens
1049 1697 1216 1754 saxei
1264 1698 1454 1756 iaetus
1502 1701 1695 1772 nefa8‚

272 1781 438 1840 Orco
481 1779 742 1856 praeibit
786 1781 906 1837 dux
951 1781 1265 1839 inhumani
1310 1785 1487 1840 sacri.

271 1866 328 1925 O
377 1865 583 1934 frater,
628 1865 862 1922 animae
902 1866 1223 1942 plurimum
1274 1867 1460 1925 frater
1501 1889 1673 1928 meae

267 1949 532 2022 Dilecte‚
580 1949 873 2007 fulmenta
926 1952 1166 2009 aedium
1215 1961 1395 2028 atque
1440 1955 1693 2030 patriae,

268 2034 417 2093 Non
460 2035 686 2093 frustra
725 2036 913 2095 tauris
959 2037 1194 2097 imbues
1242 2037 1455 2097 altaria

270 2121 513 2192 Caesis,
561 2128 864 2179 tenentem
910 2123 1209 2199 Ophionis
1264 2124 1481 2182 sedilia

265 2207 587 2265 Venerans
632 2206 835 2282 opimo
884 2207 1254 2265 victimarum
1307 2230 1570 2268 munere.

270 2290 393 2352 Sed
440 2310 581 2348 rura
622 2299 682 2347 te
729 2292 992 2348 vectabit
1035 2294 1098 2348 in
1144 2294 1390 2364 natalia,

268 2376 525 2437 Graecis
571 2376 871 2452 vigentem
915 2396 1054 2433 rura
1097 2377 1319 2453 adepta
1364 2378 1636 2454 gloriam,

264 2462 390 2522 Ubi
438 2461 807 2538 palaestram
856 2461 1035 2518 docta
1079 2469 1271 2518 mater
1313 2462 1494 2519 Latia

270 2546 438 2606 Olim
484 2547 878 2621 imperantem
922 2546 1182 2604 Tartaro
1230 2547 1477 2604 trudens
1526 2567 1727 2619 anum,

264 2633 519 2690 Furtiva
563 2630 748 2689 solvit
795 2631 994 2689 vincla
1042 2632 1452 2707 partitudinis,

269 2715 528 2781 Gumiae
571 2717 769 2773 mariti
815 2717 1296 2792 pullimanducas
1346 2735 1567 2775 cavens

266 2802 497 2878 Epulas
541 2801 858 2872 nefandas,
906 2822 1017 2858 nec
1060 2802 1355 2878 saginavit
1400 2802 1557 2878 dape

266 2888 511 2958 Alvum,
555 2886 751 2944 faceta
796 2886 1058 2962 glutiens
1106 2905 1320 2946 saxum
1363 2887 1493 2944 vice

270 2970 739 3032 Suffarcinatum
783 2971 1070 3029 mollibus
1116 2971 1454 3042 cunabuliS‚

264 3057 467 3115 Prolis
510 3056 851 3132 sepulcrum
897 3057 1069 3113 triste
1116 3056 1436 3114 semiferus
1484 3075 1650 3114 suae.

267 3141 429 3216 Quin
471 3140 695 3217 templa
738 3141 989 3199 habebis
1031 3141 1384 3215 insulasque
1426 3141 1691 3198 Manium

267 3227 615 3285 Verruncus
664 3245 844 3282 aurae
886 3225 1230 3301 pestilentis
1270 3225 1541 3302 Indige8‚

266 3312 389 3370 Ubi
432 3318 677 3370 secutus
721 3310 919 3387 Ogygi
961 3310 1187 3386 poplos
1240 3319 1405 3369 satus

268 3396 496 3456 Oracla
536 3395 758 3453 Medici
805 3395 1015 3470 Lepsii
1061 3391 1457 3465 Terminthei‚

264 3481 361 3540 Ex
403 3481 756 3557 Ophryneis
800 3489 860 3537 te
908 3479 1267 3556 sepulcretis
1312 3497 1523 3556 agens,

264 3569 486 3625 Arcem
539 3565 616 3622 ad
662 3563 918 3641 Calydni
961 3565 1138 3621 ducet
1186 3574 1245 3621 et
1290 3572 1509 3621 terram
1555 3567 1819 3636 Annum,

2109 683 2240 737 1175

2108 1105 2239 1159 1180

2106 1528 2237 1581 1185

2106 1960 2238 2014 1190

2105 2380 2236 2435 1195

2108 2806 2237 2858 1200

2107 3232 2234 3284 1205
