2452 4186
1262 310 1343 370 88

385 476 754 535 Nascentem
797 475 1128 550 Char-itum,
1178 479 1394 553 plausu
1439 480 1714 550 florente,
1760 480 1999 541 chorea.

384 563 464 622 Et
505 569 608 618 tua
650 569 978 621 tractantes
1029 563 1258 622 vitreae
1307 564 1605 621 cunabula
1645 563 1970 641 Nymphae

387 646 658 707 Castalio
699 667 946 723 puerum
990 648 1415 708 Permessidos
1466 650 1661 706 imbre
1703 649 1973 726 rigarunt

387 732 726 792 confessae
771 732 1098 791 dominum.
1145 735 1325 792 Felix
1358 734 1655 792 natalibus
1702 753 1881 794 omen

382 816 658 877 Pierides
700 817 974 874 cecinere
1014 820 1158 890 tuis,
1206 821 1538 893 florumque
1582 820 1811 877 recenti

384 904 465 962 Et
505 903 675 979 ripae
719 902 968 975 virides,
1015 912 1078 960 et
1114 903 1325 963 Renus
1371 904 1506 963 risit
1547 904 1755 962 odore.

385 989 529 1064 Ipse
573 987 669 1046 sui
714 988 879 1045 sacri¹
912 986 1144 1048 Genius
1194 990 1434 1048 visurus
1478 990 1745 1047 honores

385 1072 618 1144 Adfuit,
662 1073 922 1149 Assyrio
976 1073 1295 1133 destillans
1341 1083 1617 1150 tempora
1662 1074 1877 1146 nardo,

386 1159 576 1217 Festa
617 1158 1004 1216 coronandae
1042 1166 1300 1218 testatus
1340 1159 1561 1237 gaudia
1604 1159 1782 1233 lucis,

387 1241 685 1304 Sutilibus
730 1243 930 1315 sertis,
981 1251 1040 1300 et
1082 1245 1268 1321 plena
1316 1245 1466 1303 turis
1514 1262 1736 1302 acerra.

383 1329 486 1401 Et,
532 1347 710 1403 quem
748 1336 810 1385 te
853 1348 1206 1403 memorem,
1258 1329 1432 1402 dixit,
1470 1330 1651 1401 Puer,
1695 1331 1875 1406 ignea
1922 1329 2097 1407 signa

384 1414 465 1472 Et
506 1414 701 1485 iubar,
752 1420 812 1470 et
852 1414 1018 1471 rutili
1062 1415 1222 1472 clara
1266 1422 1621 1492 argumenta
1658 1414 1873 1472 nitoris

383 1500 698 1576 Agnosco.
745 1496 870 1558 Sed
923 1519 1088 1575 pone
1129 1501 1302 1577 nigra
1343 1520 1468 1558 nox
1515 1499 1813 1575 obstrepit
1858 1501 2088 1557 umbra.

384 1583 444 1642 Ο
492 1583 546 1641 si
589 1583 846 1641 vividior
886 1584 1082 1641 iustos
1131 1585 1241 1643 tibi
1288 1592 1569 1660 suppetat
1609 1603 1805 1643 annos

388 1665 676 1743 Spiritus,
725 1675 785 1724 et
827 1676 1112 1741 quantum
1159 1669 1310 1727 satis
1356 1669 1844 1728 estmortalibus
1890 1670 2043 1728 aevi.

385 1751 535 1810 Non
580 1752 688 1809 tibi
732 1753 1047 1810 certabunt
1093 1754 1288 1810 Italae
1330 1754 1563 1812 telluris
1608 1753 1807 1826 ocelli,

387 1835 535 1895 Non
580 1835 775 1896 Galli:
824 1857 947 1895 non
997 1856 1150 1911 quos
1197 1839 1349 1896 aluit
1394 1837 1953 1897 Germanianvates.

385 1921 527 1980 Nec
562 1941 633 1981 se
676 1922 802 1981 ullo
851 1930 1082 1981 tantum
1125 1924 1377 1983 iactabit
1415 1924 1668 2001 Belgica
1712 1924 1894 1983 tellus

383 2007 669 2084 Ingenio,
715 2026 828 2064 nec
865 2015 959 2065 tot
996 2008 1289 2067 miracula
1332 2016 1538 2066 cernet
1583 2009 1645 2066 in
1690 2028 1832 2067 uno.

384 2093 484 2154 Ah
529 2093 640 2150 tibi
676 2113 752 2150 ne
797 2102 1077 2167 coeptum
1120 2095 1430 2169 praecidat
1474 2095 1668 2152 Parca
1707 2105 1999 2155 tenorem.

385 2179 485 2236 Ah
527 2178 639 2235 tibi
678 2198 756 2235 ne
798 2178 1069 2236 advertat
1110 2198 1335 2239 saevos
1383 2179 1760 2239 Rhamnusia
1800 2180 2019 2239 vultus.

387 2263 615 2321 Verum
663 2284 720 2321 o.
769 2261 892 2322 Sed
932 2263 1128 2339 rigida
1165 2265 1302 2323 Fati
1346 2273 1508 2323 stant
1553 2266 1757 2323 omnia
1796 2265 1951 2342 lege.

386 2347 558 2405 Haec
601 2348 709 2406 vix
752 2357 967 2405 trunca
1007 2348 1202 2422 Deus»,
1250 2349 1550 2427 singultus
1591 2358 1827 2407 caetera
1868 2351 2112 2425 pressit.

384 2432 536 2493 Plus
580 2434 800 2509 potuit,
843 2452 1024 2508 quam
1070 2443 1215 2492 vota
1262 2435 1403 2507 Dei,
1447 2435 1818 2492 lacrimabile
1860 2434 2095 2493 Fatum.

384 2516 521 2576 Nec
560 2519 771 2577 minus
806 2518 1042 2578 interea
1086 2520 1266 2577 sertis
1313 2520 1653 2578 halantibus
1700 2519 1913 2577 Horae

385 2604 647 2662 Infantis
693 2622 880 2662 cunas
929 2605 1256 2676 cumulant,
1304 2613 1363 2662 et
1406 2605 1626 2679 pollice
1673 2623 1891 2679 presso

384 2688 738 2763 Expediunt
777 2689 980 2764 plexis·
1022 2690 1298 2747 vaccinia
1342 2689 1516 2766 nigra
1556 2689 1860 2764 quasilliS,

384 2771 485 2831 Ne
530 2780 635 2830 tua
675 2774 951 2832 mortalis
998 2783 1205 2833 suctus
1252 2775 1510 2832 infantia
1548 2775 1721 2831 lactis

385 2858 672 2930 Duceret,
715 2858 852 2933 ipsa
893 2859 1004 2917 tibi
1048 2859 1304 2933 puerilia
1336 2860 1512 2918 labra
1541 2859 1767 2936 rigavit

384 2944 752 3004 Ambrosiae
794 2944 990 3003 succis
1034 2944 1451 3005 redolentibus
1496 2945 1700 3003 Attica
1741 2944 1947 3002 Pitho.

386 3027 566 3101 Quod
606 3029 660 3087 si
704 3037 955 3087 vexaret
997 3029 1214 3105 vigiles
1257 3029 1569 3089 insomnia
1615 3048 1789 3087 curas

383 3112 845 3191 Intempestivis
894 3114 1142 3173 solvens
1178 3115 1483 3191 vagitibus
1531 3131 1661 3187 ora,

383 3197 533 3257 Non
578 3208 638 3257 te
675 3200 1010 3258 somnifero
1062 3201 1312 3259 nutricis
1356 3201 1577 3258 naenia
1615 3207 1815 3273 cantu,

383 3282 521 3341 Nec
571 3284 874 3343 delinifico
929 3285 1152 3359 sopivit
1197 3306 1502 3343 murmure
1551 3285 1764 3356 lallus;

386 3367 512 3428 Sed
555 3377 614 3427 te
657 3370 818 3428 trina
863 3369 1104 3443 Charis,
1152 3378 1217 3428 te
1259 3370 1472 3429 sedula
1514 3372 1687 3428 turba
1713 3370 2081 3429 Camoenae

385 3452 706 3513 Certantes
752 3456 931 3513 simul
979 3457 1220 3528 officiis,
1270 3454 1568 3530 Sir-enque
1605 3457 1828 3513 Latina

382 3538 777 3598 Flexanimae
825 3540 1049 3600 blando
1101 3540 1341 3601 Suadae
1387 3541 1650 3600 mulsere
1693 3558 1965 3610 susurre,
