2452 4186
1046 287 1128 347 63

263 453 445 514 Cuius
492 455 689 512 adhuc
731 453 935 511 laudet
973 456 1139 513 fama
1180 455 1446 513 tribunal
1484 476 1659 530 anus,

188 541 256 598 Et
288 559 470 616 grave
513 540 822 611 iudicium,
866 540 998 598 sive
1042 542 1196 613 eius,
1245 542 1351 616 qui
1391 552 1595 600 movet
1639 563 1852 603 urnam

261 624 588 700 Quaesitor
633 624 859 696 Minos,
905 628 1111 682 Aeaee
1155 626 1286 684 sive
1337 634 1533 685 tuum:

190 709 399 768 Omnia
437 709 777 767 concedent
817 710 934 767 iuri
976 711 1274 769 subsellia
1322 719 1553 783 nostre,

259 795 659 869 Iustitiaeque
705 794 926 852 erimus
971 795 1074 853 lex
1119 796 1415 853 imitanda
1454 816 1665 855 novae.

189 877 433 940 Saecula
473 878 747 952 Saturni,
791 879 1181 957 priscumque
1224 882 1578 939 reduximus
1625 902 1833 943 aurum

257 965 527 1023 Iudiciis.
577 964 827 1022 Themis
874 973 969 1022 est
1011 985 1117 1023 ore
1160 965 1365 1023 locuta
1404 986 1558 1025 meo,

187 1048 294 1107 Vos
335 1050 822 1126 conscriptorum
864 1049 1126 1127 collegia
1168 1051 1330 1108 seria
1350 1051 1599 1108 Patrum

260 1133 505 1207 Testor,
547 1143 609 1192 et
648 1134 938 1211 auspiciis
981 1133 1166 1192 Curia
1207 1144 1375 1192 recta
1418 1137 1601 1194 meis:

185 1217 504 1292 Ecquando
541 1220 812 1276 auditum
853 1228 1066 1276 nostra
1104 1220 1200 1277 vel
1241 1220 1402 1291 labe,
1446 1221 1544 1278 vel
1588 1222 1709 1280 ullo

261 1303 529 1362 Crimine
574 1312 660 1362 tot
702 1323 990 1380 proceres
1037 1305 1357 1363 erubuisse
1395 1306 1601 1363 novo?

190 1387 348 1462 Quae
391 1408 531 1446 mea
571 1389 807 1447 calcato
852 1389 1153 1448 sententia
1194 1390 1389 1448 missa
1427 1391 1654 1465 pudore

260 1474 571 1532 Imminuit
610 1483 851 1533 vestrae
896 1474 1028 1530 iura
1068 1492 1284 1532 severa
1328 1475 1546 1552 togae?

188 1556 324 1631 Quis
369 1579 481 1618 nos
522 1559 825 1617 vindictae
869 1560 1066 1616 caecis
1109 1558 1375 1618 caluisse
1424 1561 1664 1618 notavit

259 1644 548 1716 Motibus,
593 1645 833 1703 obiecto
881 1644 981 1701 vel
1019 1645 1293 1719 tepuisse
1338 1645 1543 1703 metu?

189 1727 331 1802 Quis
372 1729 604 1787 lentum
654 1729 840 1787 vidit?
882 1729 1244 1789 Miserorum
1281 1739 1426 1788 vota
1471 1730 1757 1788 clientum

263 1813 500 1872 Eventu
546 1814 711 1872 dubii
756 1814 1025 1891 pendula
1069 1833 1257 1891 saepe
1302 1815 1425 1873 fori

190 1895 323 1955 Non
369 1900 547 1957 favor
591 1899 796 1971 elusit,
839 1919 957 1956 non
998 1901 1278 1973 improba
1321 1900 1516 1976 gratia
1562 1900 1725 1971 vicit,

263 1981 403 2041 Non
447 1985 916 2060 frustrat[r]ices
960 1985 1272 2042 detinuere
1308 2004 1544 2042 morae:

190 2065 317 2127 Non
360 2069 525 2128 mala
569 2070 763 2143 fraus,
806 2079 866 2128 et
901 2070 1050 2129 iuris
1096 2069 1537 2129 inextricabilis
1588 2088 1777 2141 error,

263 2154 401 2212 Non
439 2155 645 2233 legum
679 2155 741 2213 in
787 2156 1002 2213 dubias
1043 2156 1303 2230 compita
1346 2165 1512 2214 secta
1551 2155 1703 2213 vias.

190 2241 264 2296 At
297 2239 519 2317 longae
563 2242 853 2317 ambages
892 2240 1033 2298 lites
1080 2260 1159 2297 ex
1205 2241 1312 2297 lite
1355 2248 1711 2318 propagant,

260 2324 339 2382 Et
380 2326 549 2383 fraus
597 2327 923 2385 succrescit
956 2325 1269 2383 fraudibus
1313 2335 1441 2383 arte
1486 2325 1665 2382 mala.

188 2409 272 2465 Ah
319 2410 522 2468 valeat
561 2430 953 2487 quaecunque
997 2412 1132 2469 viae
1181 2411 1545 2487 compendia
1584 2408 1798 2480 nescit,

262 2494 666 2572 Pragmaticis
705 2496 937 2554 nullum
979 2515 1206 2571 ponere
1252 2496 1426 2552 docta
1471 2495 1733 2565 modum,

190 2576 304 2637 Sed
345 2581 508 2638 male
549 2581 832 2638 iudicium
878 2581 1098 2653 differt,
1145 2599 1215 2637 ac
1262 2581 1445 2637 surda
1487 2587 1753 2637 moratur

263 2662 409 2723 Non
453 2677 701 2723 exorata
743 2667 909 2723 curia
947 2666 1156 2724 clausa
1200 2684 1361 2737 sera,

186 2745 432 2826 Dignior
474 2752 723 2828 ignaras
768 2751 945 2826 aequi
989 2771 1144 2827 quae
1189 2758 1485 2827 temperet
1525 2751 1728 2821 urbes,

261 2834 466 2893 Ponat
507 2845 568 2893 et
610 2837 674 2894 in
718 2834 1000 2912 Scythico
1046 2838 1304 2894 barbara
1345 2836 1481 2893 iura
1529 2836 1688 2893 foro.

189 2915 488 2978 Sedulitas
533 2941 657 2978 una
693 2930 787 2979 est
833 2922 1156 2979 clementia
1195 2920 1413 2978 iudicis
1459 2921 1657 2996 aequi,

266 3002 540 3064 Saevitia
587 3015 681 3065 est
722 3007 1004 3082 quicquid
1051 3015 1255 3066 cessat
1294 3007 1368 3063 ab
1412 3005 1631 3063 officio.

184 3088 291 3152 Ille
333 3110 538 3149 moras
585 3092 810 3169 legum,
859 3099 918 3150 et
957 3091 1105 3150 iuris
1143 3090 1481 3149 retinacula
1522 3096 1781 3166 rumpat,

265 3174 529 3235 Sedulus
571 3177 853 3253 exemplo
899 3178 1003 3253 qui
1038 3177 1204 3235 volet
1249 3195 1387 3235 esse
1429 3195 1588 3233 meo.

185 3256 494 3320 Hactenus
542 3263 833 3319 excubiae
875 3262 1110 3338 populi.
1154 3263 1389 3337 privata
1428 3266 1750 3335 supersunt

264 3346 493 3419 Munia,
530 3356 591 3405 et
634 3349 965 3405 instructae
1016 3347 1231 3405 sedula
1273 3365 1418 3403 cura
1459 3346 1691 3403 domus.

187 3425 328 3488 Non
368 3432 516 3490 mihi
560 3433 826 3492 conscivi
871 3433 1192 3504 maculam,
1241 3450 1361 3506 qua
1405 3451 1651 3502 nomen,
1696 3437 1757 3487 et
1792 3428 1961 3505 ipsos

267 3516 455 3576 Fama
496 3538 669 3578 meos
713 3537 909 3577 mores
959 3518 1202 3577 decolor
1242 3515 1368 3573 ulla
1412 3525 1598 3575 notet.
