2452 4186
1259 289 1339 350 48

379 454 543 513 Nam
592 456 856 528 sint-ne,
901 455 1149 528 ciccum,
1195 475 1308 513 nec
1352 475 1451 528 ne,
1493 477 1611 515 non
1651 456 1974 519 interduim
2021 488 2126 513 ——.

380 540 482 598 Illi
522 541 725 617 igitur,
767 541 1034 615 inquam,
1074 560 1183 598 seu
1223 541 1472 614 Poetae,
1519 543 1647 601 sive
1694 563 1833 617 non,

383 624 547 686 Satis
594 626 909 685 modorum
958 625 1305 703 diligentes,
1351 634 1613 685 ceterum

383 709 735 771 Sermonem
773 711 979 789 iniquo
1019 712 1329 787 pensitant
1371 714 1669 773 examine.

379 796 783 870 Lasciviaque
822 815 944 853 non
992 795 1263 868 ferenda,
1306 798 1499 854 nescii

384 881 524 956 Qua
563 881 751 956 prisci
798 881 1045 940 honoris
1086 889 1260 955 parte
1304 890 1579 940 servetur
1620 890 1819 955 tenor,

384 964 557 1024 Graii
598 966 870 1022 cothurni
914 964 1197 1038 nobilem,
1240 973 1457 1039 catam,
1508 986 1773 1043 gravem,

382 1051 597 1109 Tubae
642 1050 837 1107 virilis
877 1051 1208 1107 intonatam
1248 1050 1612 1124 incentibuS,
1683 1094 1686 1101 .

379 1135 606 1194 Nervis
639 1135 904 1192 adultam
951 1144 1009 1192 et
1053 1136 1283 1195 viribus
1328 1135 1737 1212 Tragoediam

379 1220 795 1279 Deartuarunt
833 1238 976 1277 voce
1018 1220 1325 1296 languifici
1366 1221 1499 1278 soni

383 1305 695 1365 Orationis
742 1323 1010 1381 nuperae
1049 1304 1340 1377 novitiae,

382 1389 537 1451 Stilo
578 1390 846 1465 pedestri
892 1398 952 1446 et
991 1389 1301 1447 femininis
1346 1388 1602 1447 naeniis.

379 1475 836 1534 Homunciones
880 1476 990 1531 hoc
1032 1474 1337 1532 venustuli
1373 1482 1435 1530 et
1475 1473 1593 1530 cati

381 1559 514 1620 Sibi
560 1560 860 1631 videntur,
905 1559 1015 1615 hoc
1062 1559 1224 1616 beati
1270 1577 1341 1615 ac
1385 1558 1627 1629 diviteS,

381 1643 743 1717 Suadaeque
784 1643 1011 1700 alumni
1052 1651 1113 1700 et
1158 1643 1406 1700 Venerii
1454 1640 1757 1718 nepotuli:

377 1729 672 1802 Adeoque
715 1727 981 1803 positum
1028 1727 1125 1786 vel
1166 1728 1285 1784 sibi
1325 1728 1388 1783 in
1431 1726 1632 1787 medio
1677 1731 1895 1802 putant

379 1813 729 1872 Tractanda
773 1814 835 1869 in
882 1819 1008 1869 arte
1050 1812 1288 1870 Musica
1324 1811 1709 1887 palmarium.

464 1902 549 1955 At
576 1896 922 1956 Gratiarum
959 1905 1170 1972 pectus
1209 1898 1579 1969 abstrusum,
1615 1896 1905 1971 optimus,

378 1983 577 2042 Docte
619 1983 949 2059 expolitus,
990 1990 1170 2057 atque
1212 1980 1545 2040 liberaliter

379 2069 719 2127 Instructus
767 2067 929 2126 omni
970 2066 1282 2124 literarum
1331 2065 1524 2143 copia,

379 2154 578 2212 Poeta
619 2161 830 2212 noster
873 2153 1029 2209 inter
1074 2153 1189 2210 hos
1234 2151 1498 2210 medium
1536 2150 1694 2208 ferit.

378 2239 668 2296 Veterum
715 2256 911 2312 neque
953 2237 1049 2295 illi
1090 2237 1316 2313 ignava
1358 2235 1730 2312 negligentia

377 2323 612 2395 Placet,
652 2331 757 2380 aut
797 2341 1083 2380 novorum
1127 2323 1385 2379 obscura
1428 2319 1762 2396 diligentia.

377 2408 623 2467 Florem
666 2407 895 2482 leporis
941 2405 1242 2477 Scaenici,
1286 2414 1465 2480 atque
1506 2405 1799 2475 Musicae,

378 2493 671 2568 Utroque·
699 2492 966 2551 numeris
1011 2490 1374 2567 temperavit
1418 2498 1478 2547 et
1519 2489 1679 2560 stile,

383 2578 616 2636 Priscis
667 2577 880 2636 Poetis
927 2576 1200 2647 comtior,
1246 2575 1462 2633 melior
1499 2573 1694 2632 noviS.

463 2662 643 2720 Nunc
682 2681 819 2739 ego,
864 2662 1008 2737 quid
1032 2662 1270 2732 adsum,
1305 2677 1560 2735 quamve
1590 2677 1718 2715 rem
1744 2655 1906 2727 veni,
1937 2652 2212 2728 eloquar.

377 2748 605 2806 Favete
647 2746 872 2823 linguis
919 2765 1053 2818 vos,
1097 2754 1156 2802 et
1197 2745 1463 2804 animum
1509 2742 1825 2801 advortite.

250 2844 296 2901 ,“
378 2831 675 2890 Desmota
719 2830 958 2889 Graeca
1001 2838 1098 2888 est
1135 2829 1444 2905 Aeschylu
1488 2826 1858 2904 Tragoedia3

377 2917 577 2975 Poeta
616 2923 822 2974 noster
867 2915 1047 2972 vertit
1087 2914 1256 2972 illam
1293 2915 1576 2972 barbaret

378 3002 677 3076 Illamque
717 3001 981 3077 opimam
1027 3007 1086 3055 et
1122 3000 1369 3056 uberem
1408 2996 1763 3057 facundiam.

378 3088 460 3145 Et
502 3086 828 3162 scriptione
871 3093 967 3143 est
1007 3093 1325 3143 assecutus
1375 3092 1433 3158 et
1480 3080 1652 3141 stilo:

381 3172 463 3231 Ut
507 3191 585 3229 nc
627 3171 772 3247 quid
816 3171 967 3229 inibi
1009 3169 1214 3246 possit
1255 3167 1582 3227 invenirier

378 3258 604 3315 Errore
649 3256 964 3328 omissum,
1009 3255 1139 3314 sive
1179 3250 1653 3330 perperitudine.

378 3342 560 3400 Hanc
597 3360 742 3418 ergo
780 3340 948 3399 vobis
984 3338 1254 3397 fabulam
1296 3358 1328 3394 e
1372 3345 1574 3394 vetere
1618 3350 1839 3392 novam

379 3427 669 3504 AdportO.
713 3433 942 3484 tantum
988 3433 1098 3484 est.
1143 3441 1256 3482 vos
1299 3421 1499 3480 valete
1541 3428 1602 3477 et
1643 3417 1846 3476 vivite.
