2452 4186
1049 318 1165 379 301

102 490 117 502 ⁵
200 487 364 546 Nam
409 488 552 562 quid
593 487 726 565 agis
764 488 966 546 Aiax?
1012 490 1127 546 heu
1172 488 1278 546 ubi
1317 507 1408 560 es,
1450 489 1584 546 fili?
1626 490 1832 548 occidi.

201 575 298 632 Αἰ.
383 572 680 630 Teucrum
732 590 900 630 voco·
942 574 1185 631 ubinam
1218 573 1492 632 Teucer?
1535 571 1842 634 assiduon’
1870 577 2030 636 volet

200 658 471 716 Ductare
513 657 824 734 praedas?
863 665 961 715 ast
1007 677 1121 735 ego
1167 659 1397 717 intereo
1436 660 1640 718 miser.

202 742 312 802 ch.
401 742 609 802 Homo
653 751 748 801 est
783 742 945 818 apud
987 761 1078 815 se,
1123 753 1189 802 ut
1235 745 1453 803 sentio.
1499 746 1727 820 aperite
1765 765 1986 825 ocyus:

200 827 602 887 Reverebitur
648 826 932 886 fortassis
976 830 1212 904 aspecti
1254 830 1392 889 mei.
2025 834 2131 888 345

203 913 349 971 Tec.
433 914 783 989 Aperimus,
827 930 985 970 ecce.
1027 912 1350 972 Caeterum
1388 916 1533 973 licet
1572 916 1683 973 tibi

200 997 485 1056 Hominis
527 998 684 1055 tueri
726 1006 919 1075 gesta,
968 1006 1028 1055 et
1072 1000 1343 1058 eiusdem
1378 1009 1621 1059 statum.

901 1080 1161 1159 Stropha
1218 1087 1321 1145 VJ.

201 1169 298 1225 Ai.
394 1165 657 1227 Sodales
704 1167 887 1224 maris
937 1170 1223 1247 remigeS,

200 1251 399 1310 Amici
444 1251 608 1309 unici
651 1251 943 1323 omnium,
989 1262 1051 1311 et

200 1338 524 1412 Aequitate
563 1345 794 1395 stantes
838 1337 966 1411 pia:

199 1423 420 1480 Videte
460 1441 557 1479 me
599 1441 758 1493 esse,
804 1420 1001 1495 qualis
1044 1432 1138 1481 est

199 1507 322 1566 Ubi
368 1526 584 1565 recens
628 1508 701 1565 ab
744 1507 1012 1565 aestibus

197 1592 451 1651 Fluctus
485 1592 681 1649 adhuc
725 1600 1012 1649 movetur.

201 1675 312 1736 Ch.
402 1677 539 1734 Vah
579 1696 758 1751 quam
797 1676 1108 1734 evidenter
1152 1695 1299 1733 vera
1338 1685 1591 1734 testatus
1638 1677 1817 1734 modo
1856 1696 1946 1750 ee,

202 1762 386 1837 Quod
426 1763 857 1838 comprobatur
899 1761 1049 1820 satis
1093 1761 1371 1820 inornato
1419 1764 1747 1821 hoc·statu.
2027 1763 2132 1817 355

848 1846 1236 1921 Antis-trophet
1293 1848 1397 1906 VI.

200 1933 298 1990 Ai.
384 1931 605 2002 Amici,
649 1929 943 1987 marinum
989 1951 1203 2007 genuS,

200 2017 320 2074 Rei
368 2017 647 2074 nauticae
693 2015 913 2087 sciens,

199 2103 373 2161 Bene
413 2102 697 2160 inhibens
743 2102 892 2159 ratis
933 2101 1277 2176 palmulas:

199 2188 385 2246 Modo
426 2187 611 2258 unici,
652 2187 835 2244 modo
873 2186 1036 2243 unici

203 2272 404 2349 Super
448 2272 531 2329 mi
574 2272 722 2331 estis
769 2270 1044 2342 adiuvae,
1092 2289 1194 2328 oc-

202 2359 443 2416 -ciditet
489 2358 647 2415 ferte
687 2374 862 2431 opem
906 2356 1007 2414 mi.

202 2442 315 2502 Ch.
402 2443 584 2500 Bona
622 2444 834 2508 verba:
873 2460 949 2497 ne
988 2438 1212 2495 malum
1257 2439 1597 2497 resarciens
1642 2439 1817 2510 ma10,

199 2529 433 2586 Maiora
479 2527 638 2584 tristi
678 2527 898 2582 damna
936 2526 1168 2581 iactura
1210 2524 1403 2581 effice.

826 2611 882 2667 2.
928 2607 1186 2686 Stropha
1231 2611 1402 2667 IIII.

201 2698 298 2756 Ai.
382 2697 518 2773 Ego
562 2695 667 2752 ille
710 2713 869 2766 acer,
909 2696 1012 2752 ille
1055 2695 1256 2767 fortiS,
1301 2695 1471 2752 ferox

199 2781 432 2853 Duelli,
476 2790 654 2854 atque
694 2780 911 2855 praelii
952 2780 1280 2838 interritus.
2027 2768 2129 2822 365

199 2868 511 2925 Pecudum
550 2866 614 2921 in
658 2865 966 2922 imbecille
1004 2866 1211 2942 volgus
1258 2884 1392 2922 τοο.

199 2952 400 3010 Pudet
445 2950 751 3007 cachinni:
804 2951 1195 3023 contumeliae
1238 2950 1442 3026 pudet.

202 3037 348 3095 Tec.
437 3034 612 3093 Haec
650 3035 837 3091 verba
876 3035 1012 3106 fari,
1057 3035 1320 3106 domine,
1367 3034 1831 3109 compendiface.

200 3123 300 3180 Ai.
377 3120 643 3180 Excede.
690 3119 941 3177 cessas?
979 3120 1000 3176 i
1045 3120 1310 3178 dierecta
1347 3120 1535 3178 foras.

199 3206 303 3265 He
351 3208 489 3264 heu.
538 3206 613 3261 he
646 3204 792 3262 heul
1178 3205 1189 3218 ⁶

203 3290 315 3351 Ch.
397 3291 671 3361 Desiste,
715 3290 946 3360 amab0,
993 3308 1105 3365 per
1141 3288 1336 3347 Deos.
1378 3288 1457 3345 ad
1492 3295 1553 3346 te
1596 3286 1742 3344 redi.

879 3374 936 3431 3.
984 3373 1242 3449 Stropha
1291 3373 1358 3433 V.

197 3462 302 3521 Ai.
391 3459 534 3518 Heu
576 3478 671 3516 me
721 3458 1035 3517 miserum!
1076 3476 1260 3516 manu

198 3546 490 3605 Remisse
531 3563 628 3602 me
670 3544 785 3602 hos
831 3561 1234 3616 sacerrumos,
