2452 4186
1164 283 1242 340 75

286 452 426 523 Illa,
472 451 645 527 vagis
690 450 858 508 cuius
900 451 1294 527 populatibus
1340 451 1506 507 invia
1547 450 1735 521 nulla,

289 539 491 610 Atque
538 535 741 594 omnis
780 536 976 593 fuerat
1014 537 1198 594 tellus
1244 544 1524 613 angusta,
1566 535 1870 594 latronum

290 620 623 692 Colluvies,
664 621 982 694 furumque
1018 641 1180 681 novo
1226 621 1474 679 ductore
1519 621 1846 696 maniplus,

285 706 484 766 Unius
526 706 635 764 vix
676 724 743 763 se
785 705 1099 764 defensum
1143 706 1459 764 maenibus
1506 706 1672 763 urbis

292 790 592 850 Continet.
640 789 884 847 Illorum
933 811 1093 850 nunc
1138 790 1366 867 praeda
1411 798 1505 848 est
1553 791 1756 861 obvia,
1798 810 2045 864 quorum

288 876 527 934 Praedo
575 875 705 933 fuit.
753 873 925 947 Quod
960 896 1076 934 non
1123 877 1325 947 toties,
1369 894 1482 932 nec
1520 883 1690 933 tanta
1732 894 1840 950 per
1877 895 2078 952 agros,

289 961 529 1036 Perque
576 959 835 1017 humiles
870 961 1163 1019 bacchata
1203 980 1381 1020 casas
1429 961 1708 1018 incendia
1745 968 2032 1038 regnant:

295 1046 469 1121 Quod
518 1045 667 1102 civis
716 1046 983 1120 propriis
1021 1047 1256 1118 fruitur,
1306 1045 1463 1122 quod
1507 1065 1661 1122 pace
1705 1046 1987 1105 colonus:

294 1129 668 1190 Castanidae
711 1137 905 1188 totum
948 1132 1182 1190 meritis
1230 1132 1504 1202 debetur,
1554 1140 1613 1189 et
1657 1131 1781 1201 uni,

294 1216 466 1291 Quae
512 1214 663 1272 nulli
706 1215 887 1286 cedit,
927 1216 1023 1272 cui
1064 1217 1285 1273 cedunt
1330 1215 1557 1287 omnia,
1601 1216 1871 1273 dextrae.

290 1301 561 1358 Pictonio
607 1318 719 1357 sua
761 1300 981 1371 forma,
1026 1309 1131 1358 tua
1176 1302 1393 1360 virtute
1435 1309 1672 1371 renam,

291 1387 370 1444 Et
412 1384 652 1460 priscus
697 1385 931 1460 patriae
974 1386 1158 1443 rediit
1196 1387 1373 1461 vigor
1421 1387 1669 1442 artubus
1715 1385 1936 1460 aegris.

295 1471 381 1529 Te
422 1470 596 1540 duce,
639 1470 977 1527 mercedem
1023 1471 1187 1527 lixae
1232 1490 1357 1529 non
1401 1470 1611 1545 pendit
1649 1478 1864 1527 arator.

293 1555 435 1613 Non
479 1572 694 1630 pacem
742 1554 920 1613 donis
965 1556 1225 1627 redimit,
1270 1576 1394 1613 non
1442 1574 1583 1611 aere
1625 1556 1905 1628 quietem.

295 1639 574 1714 Namque
609 1638 696 1696 tui
742 1658 1033 1700 reverens
1081 1640 1364 1716 exempla
1403 1639 1734 1698 domestica
1772 1640 1846 1697 dc
1891 1648 1950 1696 te

294 1726 471 1784 Miles
510 1724 714 1794 habet,
763 1726 1149 1799 sequiturque
1198 1735 1356 1796 tuos,
1414 1734 1476 1782 ut
1527 1725 1807 1797 classica,
1855 1743 2079 1783 mores.

377 1811 432 1870 O
476 1809 653 1880 felix,
702 1809 755 1867 si
800 1810 898 1866 cui
950 1811 1200 1869 stabiles
1246 1810 1520 1868 florentis
1566 1811 1814 1869 honoris

293 1894 576 1954 Asseruit
621 1894 831 1952 titulos
875 1895 1208 1953 indelibata
1251 1896 1549 1970 voluptas.

298 1979 417 2040 Sed
457 1998 658 2054 neque
702 1979 991 2038 inoffensi
1023 1981 1197 2037 datur
1238 1980 1371 2038 aevi
1420 1998 1657 2036 currere
1702 1987 1918 2051 metas,

297 2064 626 2125 Continuat
674 2065 912 2123 sincera
946 2075 1122 2125 tenor
1166 2084 1362 2140 neque
1409 2065 1629 2142 gaudia
1673 2065 1865 2124 nobis.

294 2151 575 2227 Namque
623 2150 741 2208 duo
788 2152 1036 2209 meritas
1081 2160 1450 2209 temerarunt
1493 2151 1699 2209 omina
1740 2151 1972 2221 lauru8‚

297 2235 463 2309 Quae
507 2246 859 2293 transversa
900 2237 1019 2295 tuis
1063 2238 1444 2294 intervenere
1480 2237 1826 2311 trophaeis:

293 2321 482 2381 Filius
533 2322 653 2377 heu
696 2322 890 2395 pubes
935 2322 1187 2397 indigna
1226 2330 1422 2378 morte
1463 2331 1815 2398 peremptus

293 2411 491 2483 Atque
536 2415 704 2464 tuum
752 2424 973 2464 carcer.
1021 2407 1128 2465 sed
1173 2425 1377 2463 carcer
1423 2406 1720 2481 sanguine
1765 2407 1952 2464 multo

290 2491 627 2551 Pensatum
668 2491 876 2566 exegit
916 2492 1078 2549 iusta
1123 2491 1504 2548 Rhamnusia
1543 2509 1775 2565 poena:

294 2576 374 2635 Ut
412 2577 651 2634 damnis
691 2584 796 2632 tua
830 2577 967 2635 laus
1014 2594 1298 2634 crescens
1342 2575 1679 2651 preciosior
1729 2584 1911 2633 esset.

296 2660 609 2721 Sordescit
645 2660 781 2718 laus
826 2662 901 2718 de
947 2680 1159 2720 securo
1197 2669 1394 2737 parta.
1452 2660 1818 2734 Triumphus

294 2746 446 2805 Vilis
494 2746 630 2816 erit,
677 2746 771 2801 cui
811 2766 932 2804 non
975 2747 1299 2821 proludunt
1340 2745 1589 2821 praevia
1630 2745 1867 2803 damna.

294 2830 473 2889 Dicat
520 2830 823 2906 congestis
867 2841 1162 2907 angustus
1209 2831 1432 2907 stragis
1482 2831 1737 2903 acervis,

296 2916 492 2992 Quam
532 2916 710 2992 pigra
751 2915 1020 2992 Ligerim
1062 2917 1372 2992 propellat
1415 2916 1577 2973 mole
1614 2916 1911 2993 Vigenna.

294 3002 500 3060 Mersa
537 3008 679 3076 quot
723 3019 895 3057 arma
940 3002 1158 3073 virum,
1204 3010 1348 3076 quot
1386 3001 1572 3059 fortia
1616 3019 1877 3076 corpora
1918 3001 2123 3059 volvit.

295 3086 423 3143 Iam
465 3095 563 3145 sat
600 3085 872 3143 finitimis
920 3087 1169 3162 impune
1210 3087 1489 3145 illuserat
1532 3085 1680 3157 oris,

297 3171 599 3228 Turonios
647 3170 867 3245 praedo
905 3170 1186 3244 quatiens
1231 3171 1600 3247 equitatibus
1647 3189 1852 3247 agros.

296 3256 634 3313 Vindictam
683 3256 980 3332 exanguis
1025 3256 1261 3332 patriae
1309 3257 1607 3331 poscebat
1640 3256 1873 3332 imag03

298 3341 636 3399 Vindictam
681 3339 885 3397 lacera
925 3343 1222 3416 poscebat
1265 3341 1457 3399 Filius
1502 3341 1736 3413 umbra,

297 3424 593 3484 Devotum
637 3427 843 3498 funus,
890 3427 1086 3485 civilis
1126 3425 1372 3484 victima
1413 3418 1577 3496 belli.

300 3510 355 3567 It
395 3512 624 3587 campis
669 3530 906 3589 agmen.
951 3511 1090 3570 telis
1133 3511 1458 3569 exercitus
1485 3510 1706 3567 ardens
