2452 4186
1258 338 1339 396 20

382 506 648 564 Perfusa
693 506 831 564 fuco
879 524 1031 580 quos
1079 506 1328 565 adulant
1371 507 1634 578 nomina,

386 591 553 667 Quos
599 591 739 648 lena
780 591 948 648 inani
988 591 1156 649 fama
1206 593 1412 650 titillat
1458 612 1622 653 sono.

386 675 707 735 Confectus
752 676 965 746 hostis,
1022 697 1137 734 non
1183 678 1519 752 triumphus
1566 695 1674 734 nos
1721 677 1903 733 iuvat.

386 761 646 837 Quidam
696 759 986 820 Sabinum
1031 762 1370 838 perculisse
1417 762 1592 820 ludus
1640 770 1760 819 est:

384 845 575 903 Nulla
614 854 709 904 est
753 844 1044 905 Sabinum
1092 849 1422 923 praeterire
1467 846 1673 923 gloria.

842 1016 935 1073 14.
1018 1017 1112 1072 De
1149 1018 1283 1073 stilo
1327 1026 1381 1073 et
1422 1018 1766 1074 charactere.

386 1098 834 1160 Sententiarum
881 1120 1063 1175 quum
1103 1100 1385 1177 supellex
1425 1101 1593 1158 lauta
1633 1101 1732 1173 sit,

388 1183 696 1244 Sermonis
739 1186 956 1262 ingens
997 1186 1077 1244 sit
1118 1186 1289 1262 politi
1331 1187 1505 1262 copia

384 1269 587 1328 Penes
632 1270 913 1342 Latinos,
961 1289 1117 1345 quos
1161 1277 1431 1329 vetustas
1482 1289 1668 1327 aurea

386 1353 568 1413 Catos
612 1356 933 1432 magistros
980 1355 1358 1432 eloquentiae
1404 1355 1642 1427 extulit,

386 1441 654 1515 Quorum
703 1459 735 1497 e
780 1442 1072 1499 scatebris
1118 1440 1512 1498 hauriendum
1556 1440 1636 1498 sit
1677 1438 1788 1496 tibi

384 1526 724 1582 Verborum
765 1544 1039 1596 acumen,
1085 1525 1428 1584 disserendi
1473 1525 1841 1582 amoenitas:

386 1609 549 1683 Quid
596 1616 710 1680 est,
759 1609 1044 1684 loquendi
1087 1610 1245 1685 quod
1286 1630 1511 1667 novum
1557 1610 1794 1668 modum
1841 1627 1912 1665 ac
1952 1626 2143 1685 genus

385 1693 611 1751 Incude
654 1693 832 1752 toties
872 1695 1137 1753 fabricas
1187 1703 1291 1751 tua
1329 1694 1484 1752 tibi?

385 1779 612 1835 Rerum
660 1780 950 1856 magister
983 1787 1042 1835 et
1087 1787 1379 1853 tyrannus
1421 1779 1687 1837 omnium

388 1861 703 1921 Sermonis
748 1883 894 1922 usus
942 1864 1160 1921 artifex
1205 1864 1513 1921 vernaculi
1565 1873 1680 1941 est,

387 1948 508 2022 Qui
550 1955 637 2005 tot
678 1948 982 2023 loquelae,
1028 1955 1174 2022 quot
1212 1968 1378 2021 suas,
1420 1957 1582 2006 rotat
1620 1949 1805 2007 vices.

383 2036 466 2092 At
511 2033 792 2093 dictionis
841 2034 1198 2111 splendidae
1241 2034 1522 2111 peritiam

385 2120 582 2177 Latiis
628 2117 913 2177 libi-o‘rum
957 2120 1262 2178 conditam
1307 2120 1369 2178 in
1414 2119 1698 2179 sacrariis

384 2203 529 2262 Non
581 2204 778 2262 sancit
818 2224 987 2277 usus,
1033 2205 1142 2263 sed
1188 2213 1428 2263 vetusta
1479 2204 1799 2263 auctoritas

384 2289 595 2346 Virum
640 2289 895 2346 Latinae
939 2290 1281 2366 principum
1324 2290 1727 2364 eloquentiae.

386 2373 508 2432 Sed
553 2374 823 2432 insolens
870 2376 1028 2432 hunc
1052 2375 1282 2445 rancidi
1303 2376 1456 2434 situs
1495 2393 1696 2450 sapor,
1781 2374 2126 2450 [Palmerius
2163 2372 2213 2448 12]

384 2459 533 2517 Utut
553 2458 855 2534 loquatur,
879 2461 1246 2518 invidentem
1279 2460 1556 2536 intelligi,
1603 2460 1829 2534 [Senec.
1844 2479 1971 2534 epp.
1995 2457 2129 2528 114,
2149 2457 2215 2532 4]

386 2545 826 2620 Morositasque
871 2546 1072 2622 pascit
1113 2545 1317 2603 insani
1363 2545 1509 2616 stili,

384 2629 682 2688 Promens
733 2632 807 2688 ab
852 2630 976 2687 ima
1018 2632 1204 2688 verba
1248 2648 1427 2695 casca
1475 2629 1723 2706 origine,

385 2714 504 2770 Vix
548 2713 644 2771 vel
684 2713 970 2792 Cethegis
1015 2735 1204 2791 gnara
1248 2714 1529 2772 cinctutis
1573 2714 1762 2790 prius·

385 2798 680 2857 Diversus
723 2800 878 2858 alius
918 2801 1081 2858 bivio
1122 2801 1196 2857 ab
1244 2800 1354 2855 hoc
1392 2800 1641 2857 flectens
1687 2799 1820 2868 iter,

385 2884 682 2940 Inusitata
726 2885 866 2941 dum
912 2885 1102 2955 timet,
1152 2884 1362 2942 sordes
1412 2893 1593 2942 amat.
1908 2882 2072 2955 [ibid.
2109 2881 2213 2955 13]

383 2970 464 3025 At
510 2967 614 3025 ille
661 2976 823 3028 totus
875 2970 1079 3046 pellis,
1124 2977 1183 3025 et
1224 2976 1390 3027 totus
1438 2989 1688 3040 macror,

383 3055 588 3111 Arena
628 3056 856 3112 calcem
900 3075 1023 3112 non
1075 3055 1331 3125 habens,
1375 3074 1572 3131 nugae
1618 3070 1841 3123 merae,
1944 3048 2213 3125 [Sueton.

386 3139 686 3196 Inanitate
735 3140 972 3214 plenus,
1025 3148 1084 3197 et
1131 3147 1298 3196 satur
1340 3140 1501 3197 fame
1896 3134 2079 3210 Caliq.
2102 3136 2214 3210 53]

387 3223 600 3280 Ieiuna
644 3226 829 3282 verba
872 3226 1053 3282 tinnit
1093 3224 1242 3281 exili
1292 3243 1456 3282 sono·

386 3308 658 3365 Pruritus
695 3309 877 3366 alium
922 3310 1115 3386 tangit
1155 3308 1383 3366 urticae
1429 3326 1647 3378 novae,

384 3393 664 3450 Licenter
703 3395 904 3451 audax
952 3403 1010 3451 et
1044 3394 1257 3472 procul
1304 3394 1560 3452 tralatio.

387 3478 649 3553 Teporis
691 3479 797 3536 ille
840 3485 899 3536 et
942 3479 1317 3537 lentitudinis
1363 3486 1523 3536 metu

385 3563 710 3622 Profundit
751 3582 889 3622 acer
933 3566 1214 3623 entheato
1263 3564 1476 3640 spiritu
