2452 4186
1209 304 1333 366 382

356 473 769 549 Insperatum,
806 471 1050 544 ardens,
1093 474 1358 532 victricis
1400 473 1642 533 missile,
1674 474 1945 547 dextrae,

361 558 749 618 Omnivorum
794 557 1012 615 insano
1050 559 1351 637 plangens
1394 560 1649 617 horrore
1691 559 2030 633 tumultum,

356 642 746 715 Indomitum,
789 642 1174 717 horriferum,
1219 643 1504 701 candenti
1535 644 1778 702 flamine
1822 663 2144 723 praeceps.

332 726 748 805 ,Caelivagum
784 726 995 801 telum,
1038 728 1236 801 velox,
1279 730 1447 787 Iovis
1490 728 1671 786 Elicii
1708 748 1896 802 arma,

359 813 553 888 Quem
573 813 773 870 tremit
799 813 1190 888 omniparens
1212 813 1447 886 Tellus,
1479 832 1651 887 quem
1676 833 1973 872 marmora
1995 789 2188 889 salsa,

311 912 322 921 ·
356 897 633 973 Vivaque
678 896 904 969 saecla,
953 916 1145 957 sonor
1174 907 1421 976 tergens
1461 917 1597 960 cum
1631 908 1928 975 personat
1972 919 2187 961 aures·

355 982 716 1041 Luminibus
765 982 944 1059 fulgit
984 984 1248 1060 speeies,
1296 985 1479 1041 rubra
1516 983 1758 1061 fulgura
1798 984 2125 1060 splendent

355 1068 536 1126 Aeris
582 1068 648 1124 in
691 1067 905 1139 caulis,
949 1075 1009 1123 et
1034 1068 1258 1130 ,tenuia
1294 1068 1560 1145 tegmina
1607 1069 1914 1142 scindente,

357 1152 628 1227 Obnupti
674 1150 849 1211 Coeli
887 1152 1210 1211 candentia
1252 1153 1510 1211 fulmina
1551 1162 1818 1229 torques.

356 1240 472 1296 Ast
510 1257 545 1294 ο
587 1237 728 1308 Die,
771 1236 1010 1295 effunde
1059 1239 1183 1296 iras
1228 1238 1387 1314 apud
1434 1257 1700 1312 aequora
1738 1238 1926 1310 salsa,

354 1323 436 1380 Et
470 1329 759 1380 montana
799 1322 975 1399 iuga:
1015 1324 1176 1381 haud
1200 1331 1306 1380 tua
1333 1325 1559 1382 robora
1582 1342 1798 1401 magne
1821 1324 2015 1381 latent
2044 1343 2184 1384 nos.

356 1406 480 1467 Sed
517 1407 729 1466 faveas
773 1408 986 1480 saeris,
1030 1416 1091 1465 et
1133 1403 1421 1465 mentibu’
1467 1416 1639 1485 grata
1682 1409 1949 1484 repende

353 1492 518 1550 Vitai
562 1494 726 1551 bona
769 1510 929 1564 cara,
975 1493 1245 1569 vigentia
1283 1512 1472 1570 regna
1515 1494 1750 1552 salutis.

353 1578 434 1635 Et
473 1596 686 1654 pacem
733 1576 981 1649 Divum,
1033 1579 1321 1635 nutricem
1374 1597 1617 1654 semper
1660 1580 1989 1637 honoram:

352 1663 434 1720 Et
454 1664 696 1721 'vietum
739 1663 1114 1736 aequanimis
1156 1681 1399 1739 semper
1442 1664 1775 1723 rationibus
1820 1671 2048 1739 aptum.

361 1832 437 1891 19
650 1834 805 1890 Iovis
846 1833 1141 1908 Fulqetrii
1176 1835 1457 1908 suffimen,
1498 1833 1928 1891 libanomanna.

353 1918 650 1978 Obtestor
694 1935 1000 1993 magnum,
1049 1918 1573 1993 perterricrepam,
1622 1917 2034 1990 manifestum,

352 2002 620 2073 Aerium,
669 2002 1102 2073 flammantem,
1143 2003 1612 2079 ignicreperum,
1658 2001 2013 2074 aerilucum,

350 2085 620 2145 Nubium
664 2085 1054 2163 instigantem
1098 2096 1304 2146 aestus
1348 2082 1695 2166 singultibu’
1741 2088 1955 2160 brutiS,

352 2171 757 2243 Horrendum,
802 2171 1107 2244 insanum,
1151 2173 1533 2246 indomitum,
1575 2172 1891 2231 lustrabile
1933 2193 2184 2247 numen,

348 2256 825 2334 Fulgetrumque
864 2257 1069 2314 Iovem
1097 2258 1613 2335 induperatorem,
1661 2258 2182 2336 omnigenentem,

354 2343 622 2401 Tradere
663 2342 998 2401 inoffensae
1039 2343 1186 2401 vitai
1231 2344 1551 2402 terminum
1598 2362 1937 2401 amoenum.

357 2512 441 2570 20
518 2558 522 2562 .
787 2513 857 2569 N
857 2514 1152 2571 ebularum
1190 2515 1471 2589 suffimen,
1512 2532 1729 2571 murra.

348 2597 569 2655 Aeriae
615 2596 895 2669 nebulae,
941 2598 1305 2675 aerivolgae,
1345 2597 1814 2675 frugiparenteS,

349 2680 747 2756 Imbriparae,
800 2700 913 2758 per
952 2683 1237 2741 mundum
1284 2684 1547 2761 agitatae
1588 2683 1936 2760 ingentibus
1982 2685 2181 2746 auris:

348 2765 725 2838 Fulmineae,
755 2767 1004 2843 ignitae,
1033 2776 1361 2844 streperae,
1390 2776 1571 2844 atque
1597 2768 2180 2846 humectivagantes,

349 2851 529 2909 Aeris
569 2851 634 2909 in
679 2852 905 2928 gremio
950 2853 1259 2913 hortantes
1301 2853 1628 2912 inamabile
1671 2872 1972 2912 murmur:

347 2935 726 3001 Flaminibus
770 2937 985 3012 pulsae
1033 2939 1360 2998 stridentes
1404 2940 1631 3014 impete
1680 2957 1920 3015 magno.

347 3020 529 3079 Nunc
573 3040 685 3080 vos
735 3018 1081 3080 roscidulae
1123 3025 1390 3082 obtestor
1443 3024 1809 3099 spirantibus
1857 3024 2045 3096 auriS,

346 3105 759 3182 Praecipitare
792 3106 1016 3166 imbres
1057 3108 1123 3165 in
1162 3116 1383 3166 terram
1425 3109 1870 3186 frugiferentes.

349 3275 426 3333 21
510 3277 701 3334 Divae
739 3276 995 3335 Veniliae
1023 3277 1297 3336 Salaciae
1320 3281 1600 3356 suffimen,
1628 3281 2059 3341 libanomanna.

351 3360 585 3420 Oceani
626 3361 908 3420 induealo
953 3370 1012 3420 te
1059 3364 1276 3441 glauca
1315 3365 1560 3423 Venilia
1599 3364 1826 3442 proleS,

350 3443 782 3522 Caerulipalla,
825 3466 1053 3524 vagans
1100 3449 1239 3508 loca
1281 3469 1389 3526 per
1429 3450 1721 3508 laetantia
1760 3450 1968 3524 Ponti,

349 3533 464 3588 Am
508 3538 705 3589 terrae
746 3532 889 3591 finis
934 3535 1204 3594 exercita
1247 3534 1532 3596 suavibus
1581 3537 1788 3608 auris,
