<?xml version="1.0" encoding="UTF-8"?>
<!DOCTYPE html PUBLIC "-//W3C//DTD XHTML 1.0 Transitional//EN"
    "http://www.w3.org/TR/xhtml1/DTD/xhtml1-transitional.dtd">
<html xmlns="http://www.w3.org/1999/xhtml" xml:lang="en" lang="en">
 <head>
  <title>
</title>
<meta http-equiv="Content-Type" content="text/html;charset=utf-8" />
  <meta name='ocr-system' content='tesseract 3.04.00' />
  <meta name='ocr-capabilities' content='ocr_page ocr_carea ocr_par ocr_line ocrx_word'/>
</head>
<body>
  <div class='ocr_page' id='page_1' title='image "./iosephiscaliger02scalgoog/iosephiscaliger02scalgoog_0148.png"; bbox 0 0 2452 4186; ppageno 0'>
   <div class='ocr_carea' id='block_1_1' title="bbox 1285 288 1406 364">
    <p class='ocr_par' dir='ltr' id='par_1_1' title="bbox 1285 288 1406 364">
     <span class='ocr_line' id='line_1_1' title="bbox 1285 288 1406 364; baseline 0.017 -16"><span class='ocrx_word' id='word_1_1' title='bbox 1285 288 1406 364; x_wconf 72' lang='lat'>146</span> 
     </span>
    </p>
   </div>
   <div class='ocr_carea' id='block_1_2' title="bbox 1194 376 1497 384">
    <p class='ocr_par' dir='ltr' id='par_1_2' title="bbox 1194 376 1497 384">
     <span class='ocr_line' id='line_1_2' title="bbox 1194 376 1497 384; baseline 0 0"><span class='ocrx_word' id='word_1_2' title='bbox 1194 376 1497 384; x_wconf 95' lang='lat' dir='ltr'> </span> 
     </span>
    </p>
   </div>
   <div class='ocr_carea' id='block_1_3' title="bbox 390 450 2270 3580">
    <p class='ocr_par' dir='ltr' id='par_1_3' title="bbox 433 450 1868 625">
     <span class='ocr_line' id='line_1_3' title="bbox 433 450 1868 540; baseline -0.007 -16"><span class='ocrx_word' id='word_1_3' title='bbox 433 458 633 524; x_wconf 79' lang='grc' dir='ltr'>Οὐδὲν</span> <span class='ocrx_word' id='word_1_4' title='bbox 673 451 1042 540; x_wconf 80' lang='grc' dir='ltr'>γλυκύτερόν</span> <span class='ocrx_word' id='word_1_5' title='bbox 1092 453 1273 530; x_wconf 84' lang='grc' dir='ltr'>ἐστιν,</span> <span class='ocrx_word' id='word_1_6' title='bbox 1311 456 1351 538; x_wconf 82' lang='grc' dir='ltr'><strong>ἢ</strong></span> <span class='ocrx_word' id='word_1_7' title='bbox 1394 452 1569 518; x_wconf 77' lang='grc' dir='ltr'>πάντ’</span> <span class='ocrx_word' id='word_1_8' title='bbox 1617 450 1868 516; x_wconf 83' lang='grc' dir='ltr'>εἰδέναι.</span> 
     </span>
     <span class='ocr_line' id='line_1_4' title="bbox 433 539 1720 625; baseline -0.008 -16"><span class='ocrx_word' id='word_1_9' title='bbox 433 542 635 609; x_wconf 82' lang='grc' dir='ltr'>Οὐδὲν</span> <span class='ocrx_word' id='word_1_10' title='bbox 680 540 926 625; x_wconf 89' lang='grc' dir='ltr'>γυρίνου</span> <span class='ocrx_word' id='word_1_11' title='bbox 974 539 1290 625; x_wconf 82' lang='grc' dir='ltr'>βατράχου</span> <span class='ocrx_word' id='word_1_12' title='bbox 1339 541 1720 624; x_wconf 81' lang='grc' dir='ltr'>σοφώτερος.</span> 
     </span>
    </p>

    <p class='ocr_par' dir='ltr' id='par_1_4' title="bbox 390 622 1977 962">
     <span class='ocr_line' id='line_1_5' title="bbox 434 622 1886 713; baseline -0.004 -23"><span class='ocrx_word' id='word_1_13' title='bbox 434 627 635 694; x_wconf 79' lang='grc' dir='ltr'>Οὐδὲν</span> <span class='ocrx_word' id='word_1_14' title='bbox 681 625 994 695; x_wconf 77' lang='grc' dir='ltr'>λέλειπται</span> <span class='ocrx_word' id='word_1_15' title='bbox 1035 627 1155 686; x_wconf 85' lang='grc' dir='ltr'>τῶν</span> <span class='ocrx_word' id='word_1_16' title='bbox 1196 625 1364 713; x_wconf 69' lang='grc' dir='ltr'>ρμῶν</span> <span class='ocrx_word' id='word_1_17' title='bbox 1412 624 1551 686; x_wconf 78' lang='grc' dir='ltr'>οὐδ’</span> <span class='ocrx_word' id='word_1_18' title='bbox 1598 622 1886 706; x_wconf 84' lang='grc' dir='ltr'>ἔγκαφος.</span> 
     </span>
     <span class='ocr_line' id='line_1_6' title="bbox 434 709 1885 792; baseline -0.003 -18"><span class='ocrx_word' id='word_1_19' title='bbox 434 711 639 779; x_wconf 77' lang='grc' dir='ltr'>Οὐδὲν</span> <span class='ocrx_word' id='word_1_20' title='bbox 680 709 996 777; x_wconf 79' lang='grc' dir='ltr'>πέπονθας</span> <span class='ocrx_word' id='word_1_21' title='bbox 1040 710 1261 785; x_wconf 85' lang='grc' dir='ltr'>δεινὸν,</span> <span class='ocrx_word' id='word_1_22' title='bbox 1304 709 1361 771; x_wconf 84' lang='grc' dir='ltr'>εἰ</span> <span class='ocrx_word' id='word_1_23' title='bbox 1408 709 1490 791; x_wconf 86' lang='grc' dir='ltr'>μὴ</span> <span class='ocrx_word' id='word_1_24' title='bbox 1538 711 1885 792; x_wconf 81' lang='grc' dir='ltr'>προσποιεῖ.</span> 
     </span>
     <span class='ocr_line' id='line_1_7' title="bbox 435 789 1977 878; baseline -0.003 -20"><span class='ocrx_word' id='word_1_25' title='bbox 435 796 638 863; x_wconf 82' lang='grc' dir='ltr'>Οὐδὲν</span> <span class='ocrx_word' id='word_1_26' title='bbox 687 794 754 857; x_wconf 79' lang='grc' dir='ltr'>σ’</span> <span class='ocrx_word' id='word_1_27' title='bbox 790 793 1002 876; x_wconf 79' lang='grc' dir='ltr'>ὀνήσει</span> <span class='ocrx_word' id='word_1_28' title='bbox 1042 794 1288 878; x_wconf 84' lang='grc' dir='ltr'>βολβὸς,</span> <span class='ocrx_word' id='word_1_29' title='bbox 1330 790 1401 856; x_wconf 80' lang='grc' dir='ltr'>ἂν</span> <span class='ocrx_word' id='word_1_30' title='bbox 1451 793 1533 875; x_wconf 86' lang='grc' dir='ltr'>μὴ</span> <span class='ocrx_word' id='word_1_31' title='bbox 1579 792 1753 876; x_wconf 81' lang='grc' dir='ltr'>νεῦρ’</span> <span class='ocrx_word' id='word_1_32' title='bbox 1802 789 1977 876; x_wconf 76' lang='grc' dir='ltr'>ἔχῃς.</span> 
     </span>
     <span class='ocr_line' id='line_1_8' title="bbox 390 877 1712 962; baseline -0.006 -17"><span class='ocrx_word' id='word_1_33' title='bbox 390 921 395 925; x_wconf 86' lang='lat'><strong>·</strong></span> <span class='ocrx_word' id='word_1_34' title='bbox 436 879 636 947; x_wconf 82' lang='grc' dir='ltr'>Οὐδὲν</span> <span class='ocrx_word' id='word_1_35' title='bbox 684 881 904 962; x_wconf 83' lang='grc' dir='ltr'>φρονεῖ</span> <span class='ocrx_word' id='word_1_36' title='bbox 947 877 1179 940; x_wconf 86' lang='grc' dir='ltr'>δίκαιον</span> <span class='ocrx_word' id='word_1_37' title='bbox 1229 877 1498 945; x_wconf 82' lang='grc' dir='ltr'>ἐστυκὼς</span> <span class='ocrx_word' id='word_1_38' title='bbox 1537 877 1712 960; x_wconf 83' lang='grc' dir='ltr'>ἀνήρ.</span> 
     </span>
    </p>

    <p class='ocr_par' dir='ltr' id='par_1_5' title="bbox 437 960 1740 1047">
     <span class='ocr_line' id='line_1_9' title="bbox 437 960 1740 1047; baseline -0.004 -20"><span class='ocrx_word' id='word_1_39' title='bbox 437 962 597 1032; x_wconf 81' lang='grc' dir='ltr'><strong>Οὖθ’</strong></span> <span class='ocrx_word' id='word_1_40' title='bbox 645 965 927 1047; x_wconf 78' lang='grc' dir='ltr'>ἡλιοῦται</span> <span class='ocrx_word' id='word_1_41' title='bbox 971 965 1307 1039; x_wconf 83' lang='grc' dir='ltr'>παντελῶς,</span> <span class='ocrx_word' id='word_1_42' title='bbox 1355 960 1500 1024; x_wconf 76' lang='grc' dir='ltr'>οὔθ’</span> <span class='ocrx_word' id='word_1_43' title='bbox 1550 961 1740 1024; x_wconf 83' lang='grc' dir='ltr'>ῦεται.</span> 
     </span>
    </p>

    <p class='ocr_par' dir='ltr' id='par_1_6' title="bbox 438 1043 1912 1215">
     <span class='ocr_line' id='line_1_10' title="bbox 438 1043 1912 1130; baseline -0.005 -16"><span class='ocrx_word' id='word_1_44' title='bbox 438 1047 571 1115; x_wconf 82' lang='grc' dir='ltr'>Οὐκ</span> <span class='ocrx_word' id='word_1_45' title='bbox 611 1047 682 1111; x_wconf 81' lang='grc' dir='ltr'>ἂν</span> <span class='ocrx_word' id='word_1_46' title='bbox 728 1046 964 1128; x_wconf 88' lang='grc' dir='ltr'>γένοιτο</span> <span class='ocrx_word' id='word_1_47' title='bbox 1002 1048 1270 1130; x_wconf 83' lang='grc' dir='ltr'>χρηστὸς</span> <span class='ocrx_word' id='word_1_48' title='bbox 1316 1047 1385 1108; x_wconf 84' lang='grc' dir='ltr'>ἐκ</span> <span class='ocrx_word' id='word_1_49' title='bbox 1428 1050 1622 1109; x_wconf 86' lang='grc' dir='ltr'>κακοῦ</span> <span class='ocrx_word' id='word_1_50' title='bbox 1666 1043 1912 1128; x_wconf 84' lang='grc' dir='ltr'>πατρός.</span> 
     </span>
     <span class='ocr_line' id='line_1_11' title="bbox 439 1130 1744 1215; baseline -0.002 -21"><span class='ocrx_word' id='word_1_51' title='bbox 439 1132 570 1199; x_wconf 83' lang='grc' dir='ltr'>Οὐκ</span> <span class='ocrx_word' id='word_1_52' title='bbox 610 1130 683 1196; x_wconf 80' lang='grc' dir='ltr'>ἂν</span> <span class='ocrx_word' id='word_1_53' title='bbox 732 1131 976 1215; x_wconf 83' lang='grc' dir='ltr'>μύροισι</span> <span class='ocrx_word' id='word_1_54' title='bbox 1007 1136 1196 1213; x_wconf 90' lang='grc' dir='ltr'>γραῦς</span> <span class='ocrx_word' id='word_1_55' title='bbox 1241 1130 1410 1214; x_wconf 70' lang='grc' dir='ltr'>ἐοῦσ’</span> <span class='ocrx_word' id='word_1_56' title='bbox 1457 1132 1744 1214; x_wconf 83' lang='grc' dir='ltr'>ἠλείφεο.</span> 
     </span>
    </p>

    <p class='ocr_par' dir='ltr' id='par_1_7' title="bbox 438 1213 1730 1300">
     <span class='ocr_line' id='line_1_12' title="bbox 438 1213 1730 1300; baseline -0.005 -19"><span class='ocrx_word' id='word_1_57' title='bbox 438 1214 572 1282; x_wconf 82' lang='grc' dir='ltr'>Οὔκ</span> <span class='ocrx_word' id='word_1_58' title='bbox 619 1216 691 1280; x_wconf 80' lang='grc' dir='ltr'>ἂν</span> <span class='ocrx_word' id='word_1_59' title='bbox 739 1216 932 1278; x_wconf 78' lang='grc' dir='ltr'>πάθοι</span> <span class='ocrx_word' id='word_1_60' title='bbox 973 1216 1242 1300; x_wconf 83' lang='grc' dir='ltr'>τάριχος,</span> <span class='ocrx_word' id='word_1_61' title='bbox 1290 1216 1492 1298; x_wconf 83' lang='grc' dir='ltr'>ὧνπερ</span> <span class='ocrx_word' id='word_1_62' title='bbox 1546 1213 1730 1284; x_wconf 73' lang='grc' dir='ltr'>ἄξιος.</span> 
     </span>
    </p>

    <p class='ocr_par' dir='ltr' id='par_1_8' title="bbox 441 1298 1938 1637">
     <span class='ocr_line' id='line_1_13' title="bbox 446 1298 1836 1385; baseline -0.004 -20"><span class='ocrx_word' id='word_1_63' title='bbox 446 1298 579 1366; x_wconf 82' lang='grc' dir='ltr'>Οὔκ</span> <span class='ocrx_word' id='word_1_64' title='bbox 624 1302 748 1385; x_wconf 84' lang='grc' dir='ltr'>εἰμὶ</span> <span class='ocrx_word' id='word_1_65' title='bbox 791 1299 1044 1364; x_wconf 80' lang='grc' dir='ltr'>τούτων.</span> <span class='ocrx_word' id='word_1_66' title='bbox 1092 1303 1211 1365; x_wconf 87' lang='grc' dir='ltr'>τῶν</span> <span class='ocrx_word' id='word_1_67' title='bbox 1258 1299 1372 1384; x_wconf 86' lang='grc' dir='ltr'>γὰρ</span> <span class='ocrx_word' id='word_1_68' title='bbox 1415 1301 1641 1383; x_wconf 72' lang='grc' dir='ltr'>ἡρώων</span> <span class='ocrx_word' id='word_1_69' title='bbox 1690 1298 1836 1380; x_wconf 82' lang='grc' dir='ltr'>ἐγὼ,</span> 
     </span>
     <span class='ocr_line' id='line_1_14' title="bbox 521 1383 1855 1468; baseline 0.001 -20"><span class='ocrx_word' id='word_1_70' title='bbox 521 1390 749 1449; x_wconf 78' lang='grc' dir='ltr'>κακοῦν</span> <span class='ocrx_word' id='word_1_71' title='bbox 799 1385 1061 1468; x_wconf 80' lang='grc' dir='ltr'>ἑτοίμων</span> <span class='ocrx_word' id='word_1_72' title='bbox 1106 1387 1363 1466; x_wconf 84' lang='grc' dir='ltr'>μᾶλλον,</span> <span class='ocrx_word' id='word_1_73' title='bbox 1407 1385 1445 1467; x_wconf 84' lang='grc' dir='ltr'>ἢ</span> <span class='ocrx_word' id='word_1_74' title='bbox 1496 1383 1855 1467; x_wconf 76' lang='grc' dir='ltr'>εὐεργετεῖν..</span> 
     </span>
     <span class='ocr_line' id='line_1_15' title="bbox 441 1466 1937 1552; baseline -0.003 -18"><span class='ocrx_word' id='word_1_75' title='bbox 441 1468 574 1535; x_wconf 82' lang='grc' dir='ltr'>Οὔκ</span> <span class='ocrx_word' id='word_1_76' title='bbox 612 1469 736 1533; x_wconf 80' lang='grc' dir='ltr'>ἔστ’</span> <span class='ocrx_word' id='word_1_77' title='bbox 787 1468 818 1530; x_wconf 83' lang='grc' dir='ltr'>ἐ</span> <span class='ocrx_word' id='word_1_78' title='bbox 869 1469 936 1532; x_wconf 84' lang='grc' dir='ltr'>ὸν</span> <span class='ocrx_word' id='word_1_79' title='bbox 978 1470 1044 1532; x_wconf 86' lang='grc' dir='ltr'>τὸ</span> <span class='ocrx_word' id='word_1_80' title='bbox 1087 1474 1358 1552; x_wconf 76' lang='grc' dir='ltr'>πρᾶγμα,</span> <span class='ocrx_word' id='word_1_81' title='bbox 1400 1468 1604 1531; x_wconf 84' lang='grc' dir='ltr'>πολλὰ</span> <span class='ocrx_word' id='word_1_82' title='bbox 1644 1466 1937 1552; x_wconf 81' lang='grc' dir='ltr'>χαιρέτω.</span> 
     </span>
     <span class='ocr_line' id='line_1_16' title="bbox 442 1494 1938 1637; baseline -0.003 -18"><span class='ocrx_word' id='word_1_83' title='bbox 442 1552 575 1619; x_wconf 83' lang='grc' dir='ltr'>Οὐκ</span> <span class='ocrx_word' id='word_1_84' title='bbox 617 1552 746 1617; x_wconf 84' lang='grc' dir='ltr'>ἔστι</span> <span class='ocrx_word' id='word_1_85' title='bbox 792 1494 1064 1621; x_wconf 59' lang='grc' dir='ltr'>Πιειθοῦς</span> <span class='ocrx_word' id='word_1_86' title='bbox 1106 1555 1269 1637; x_wconf 84' lang='grc' dir='ltr'>ἱερὸν</span> <span class='ocrx_word' id='word_1_87' title='bbox 1316 1551 1493 1627; x_wconf 80' lang='grc' dir='ltr'>ἄλλο,</span> <span class='ocrx_word' id='word_1_88' title='bbox 1530 1552 1689 1635; x_wconf 84' lang='grc' dir='ltr'>πλὴν</span> <span class='ocrx_word' id='word_1_89' title='bbox 1736 1550 1938 1634; x_wconf 81' lang='grc' dir='ltr'>λόγος.</span> 
     </span>
    </p>

    <p class='ocr_par' dir='ltr' id='par_1_9' title="bbox 430 1636 2270 3073">
     <span class='ocr_line' id='line_1_17' title="bbox 442 1636 1825 1720; baseline -0.004 -18"><span class='ocrx_word' id='word_1_90' title='bbox 442 1636 574 1702; x_wconf 77' lang='grc' dir='ltr'>Οὐκ</span> <span class='ocrx_word' id='word_1_91' title='bbox 620 1639 778 1702; x_wconf 84' lang='grc' dir='ltr'>ἔστιν</span> <span class='ocrx_word' id='word_1_92' title='bbox 826 1637 989 1705; x_wconf 82' lang='grc' dir='ltr'>ὅστις</span> <span class='ocrx_word' id='word_1_93' title='bbox 1029 1638 1203 1700; x_wconf 81' lang='grc' dir='ltr'>πάντ’</span> <span class='ocrx_word' id='word_1_94' title='bbox 1251 1637 1404 1720; x_wconf 83' lang='grc' dir='ltr'>ἀνὴρ</span> <span class='ocrx_word' id='word_1_95' title='bbox 1451 1637 1825 1720; x_wconf 81' lang='grc' dir='ltr'>εὐδαιμονεῖ.</span> 
     </span>
     <span class='ocr_line' id='line_1_18' title="bbox 442 1719 1949 1806; baseline -0.001 -21"><span class='ocrx_word' id='word_1_96' title='bbox 442 1720 575 1786; x_wconf 82' lang='grc' dir='ltr'>Οὔκ</span> <span class='ocrx_word' id='word_1_97' title='bbox 618 1722 795 1806; x_wconf 80' lang='grc' dir='ltr'>ἦθος,</span> <span class='ocrx_word' id='word_1_98' title='bbox 842 1721 1004 1784; x_wconf 82' lang='grc' dir='ltr'>ἀλλὰ</span> <span class='ocrx_word' id='word_1_99' title='bbox 1051 1722 1157 1805; x_wconf 89' lang='grc' dir='ltr'>τὴν</span> <span class='ocrx_word' id='word_1_100' title='bbox 1205 1722 1304 1804; x_wconf 89' lang='grc' dir='ltr'>τρί</span> <span class='ocrx_word' id='word_1_101' title='bbox 1352 1721 1366 1746; x_wconf 83' lang='grc'><strong>’</strong></span> <span class='ocrx_word' id='word_1_102' title='bbox 1417 1722 1703 1783; x_wconf 84' lang='grc' dir='ltr'>ἀλλάττει</span> <span class='ocrx_word' id='word_1_103' title='bbox 1746 1719 1949 1789; x_wconf 79' lang='grc' dir='ltr'>λύκος.</span> 
     </span>
     <span class='ocr_line' id='line_1_19' title="bbox 431 1744 1814 1892; baseline -0.003 -21"><span class='ocrx_word' id='word_1_104' title='bbox 431 1804 581 1892; x_wconf 80' lang='grc' dir='ltr'>Ὀψ’</span> <span class='ocrx_word' id='word_1_105' title='bbox 628 1806 838 1890; x_wconf 75' lang='grc' dir='ltr'>ἦλθες,</span> <span class='ocrx_word' id='word_1_106' title='bbox 882 1805 1141 1888; x_wconf 70' lang='grc' dir='ltr'>ἀλλά’γ’</span> <span class='ocrx_word' id='word_1_107' title='bbox 1193 1806 1281 1874; x_wconf 86' lang='grc' dir='ltr'>εἰς</span> <span class='ocrx_word' id='word_1_108' title='bbox 1299 1744 1612 1869; x_wconf 41' lang='grc' dir='ltr'>ξίολωνὸν</span> <span class='ocrx_word' id='word_1_109' title='bbox 1662 1805 1814 1867; x_wconf 80' lang='grc' dir='ltr'>ἵεσο.</span> 
     </span>
     <span class='ocr_line' id='line_1_20' title="bbox 442 1887 1731 1974; baseline -0.001 -20"><span class='ocrx_word' id='word_1_110' title='bbox 442 1890 678 1973; x_wconf 87' lang='grc' dir='ltr'>Πάγαις</span> <span class='ocrx_word' id='word_1_111' title='bbox 716 1890 971 1974; x_wconf 72' lang='grc' dir='ltr'>ἀλώπηξ</span> <span class='ocrx_word' id='word_1_112' title='bbox 1021 1887 1199 1960; x_wconf 75' lang='grc' dir='ltr'>αὖθις</span> <span class='ocrx_word' id='word_1_113' title='bbox 1240 1889 1360 1974; x_wconf 80' lang='grc' dir='ltr'>οὐχ</span> <span class='ocrx_word' id='word_1_114' title='bbox 1400 1891 1731 1953; x_wconf 80' lang='grc' dir='ltr'>ἁλίσκεται.</span> 
     </span>
     <span class='ocr_line' id='line_1_21' title="bbox 442 1972 1692 2058; baseline -0.002 -20"><span class='ocrx_word' id='word_1_115' title='bbox 442 1973 652 2038; x_wconf 91' lang='grc' dir='ltr'>Πάλαι</span> <span class='ocrx_word' id='word_1_116' title='bbox 695 1974 835 2037; x_wconf 85' lang='grc' dir='ltr'>ποτ’</span> <span class='ocrx_word' id='word_1_117' title='bbox 878 1973 1037 2058; x_wconf 78' lang='grc' dir='ltr'>ἦσαν</span> <span class='ocrx_word' id='word_1_118' title='bbox 1086 1974 1334 2058; x_wconf 81' lang='grc' dir='ltr'>ἄλκιμοι</span> <span class='ocrx_word' id='word_1_119' title='bbox 1379 1972 1692 2056; x_wconf 87' lang='grc' dir='ltr'>Μιλήσιοι.</span> 
     </span>
     <span class='ocr_line' id='line_1_22' title="bbox 444 2057 1912 2144; baseline -0.001 -21"><span class='ocrx_word' id='word_1_120' title='bbox 444 2057 954 2144; x_wconf 80' lang='grc' dir='ltr'>Παλινδρομῆσαι</span> <span class='ocrx_word' id='word_1_121' title='bbox 1002 2061 1258 2143; x_wconf 82' lang='grc' dir='ltr'>μᾶλλον,</span> <span class='ocrx_word' id='word_1_122' title='bbox 1302 2059 1341 2144; x_wconf 81' lang='grc' dir='ltr'>ἢ</span> <span class='ocrx_word' id='word_1_123' title='bbox 1383 2064 1589 2127; x_wconf 84' lang='grc' dir='ltr'>κακῶς</span> <span class='ocrx_word' id='word_1_124' title='bbox 1630 2059 1912 2143; x_wconf 87' lang='grc' dir='ltr'>δραμεῖν.-</span> 
     </span>
     <span class='ocr_line' id='line_1_23' title="bbox 442 2144 1831 2227; baseline -0.005 -15"><span class='ocrx_word' id='word_1_125' title='bbox 442 2147 575 2212; x_wconf 82' lang='grc' dir='ltr'>Πᾶν</span> <span class='ocrx_word' id='word_1_126' title='bbox 616 2167 708 2207; x_wconf 93' lang='grc' dir='ltr'>τοι</span> <span class='ocrx_word' id='word_1_127' title='bbox 753 2144 1081 2227; x_wconf 84' lang='grc' dir='ltr'>γενόμενον</span> <span class='ocrx_word' id='word_1_128' title='bbox 1128 2145 1451 2207; x_wconf 80' lang='grc' dir='ltr'>κατθανεῖν</span> <span class='ocrx_word' id='word_1_129' title='bbox 1496 2144 1831 2227; x_wconf 81' lang='grc' dir='ltr'>ὀφείλεται.</span> 
     </span>
     <span class='ocr_line' id='line_1_24' title="bbox 444 2228 2267 2312; baseline 0.001 -21"><span class='ocrx_word' id='word_1_130' title='bbox 444 2229 628 2312; x_wconf 85' lang='grc' dir='ltr'>Παρὰ</span> <span class='ocrx_word' id='word_1_131' title='bbox 680 2229 788 2312; x_wconf 83' lang='grc' dir='ltr'>μὲν</span> <span class='ocrx_word' id='word_1_132' title='bbox 839 2229 1157 2291; x_wconf 82' lang='grc' dir='ltr'>θάλασσαν</span> <span class='ocrx_word' id='word_1_133' title='bbox 1182 2229 1536 2311; x_wconf 77' lang='grc' dir='ltr'>περίπατος,</span> <span class='ocrx_word' id='word_1_134' title='bbox 1561 2228 1730 2312; x_wconf 83' lang='grc' dir='ltr'>παρὰ</span> <span class='ocrx_word' id='word_1_135' title='bbox 1765 2232 1876 2311; x_wconf 80' lang='grc' dir='ltr'>γῆν</span> <span class='ocrx_word' id='word_1_136' title='bbox 1909 2228 1968 2292; x_wconf 85' lang='grc' dir='ltr'>δ’</span> <span class='ocrx_word' id='word_1_137' title='bbox 1996 2233 2029 2295; x_wconf 84' lang='grc' dir='ltr'>ὁ</span> <span class='ocrx_word' id='word_1_138' title='bbox 2061 2233 2267 2299; x_wconf 90' lang='grc' dir='ltr'>πλοῦς.</span> 
     </span>
     <span class='ocr_line' id='line_1_25' title="bbox 430 2312 1863 2399; baseline 0 -24"><span class='ocrx_word' id='word_1_139' title='bbox 430 2315 578 2381; x_wconf 85' lang='grc' dir='ltr'>Πᾶς</span> <span class='ocrx_word' id='word_1_140' title='bbox 623 2313 751 2376; x_wconf 81' lang='grc' dir='ltr'>ἐστι</span> <span class='ocrx_word' id='word_1_141' title='bbox 780 2313 987 2397; x_wconf 78' lang='grc' dir='ltr'>δούλῳ</span> <span class='ocrx_word' id='word_1_142' title='bbox 1036 2312 1863 2399; x_wconf 8' lang='grc' dir='ltr'>δεσπότηςῆμονοσόλλαβος.</span> 
     </span>
     <span class='ocr_line' id='line_1_26' title="bbox 444 2397 1841 2482; baseline -0.004 -18"><span class='ocrx_word' id='word_1_143' title='bbox 444 2397 694 2482; x_wconf 78' lang='grc' dir='ltr'>Πάσῃσι</span> <span class='ocrx_word' id='word_1_144' title='bbox 738 2398 1139 2481; x_wconf 81' lang='grc' dir='ltr'>κορυδαλοῖσ’</span> <span class='ocrx_word' id='word_1_145' title='bbox 1189 2397 1416 2461; x_wconf 83' lang='grc' dir='ltr'>ἐνεῖναι</span> <span class='ocrx_word' id='word_1_146' title='bbox 1457 2398 1577 2481; x_wconf 87' lang='grc' dir='ltr'>χρὴ</span> <span class='ocrx_word' id='word_1_147' title='bbox 1624 2397 1841 2480; x_wconf 78' lang='grc' dir='ltr'>λόφον.</span> 
     </span>
     <span class='ocr_line' id='line_1_27' title="bbox 445 2481 1536 2567; baseline -0.003 -22"><span class='ocrx_word' id='word_1_148' title='bbox 445 2481 871 2550; x_wconf 88' lang='grc' dir='ltr'>Παταικίωνος</span> <span class='ocrx_word' id='word_1_149' title='bbox 914 2486 1536 2567; x_wconf 83' lang='grc' dir='ltr'>σοκοφαντικώτερος.</span> 
     </span>
     <span class='ocr_line' id='line_1_28' title="bbox 446 2564 2270 2654; baseline -0.001 -22"><span class='ocrx_word' id='word_1_150' title='bbox 446 2567 688 2648; x_wconf 89' lang='grc' dir='ltr'>Παγεῖα</span> <span class='ocrx_word' id='word_1_151' title='bbox 729 2567 960 2650; x_wconf 84' lang='grc' dir='ltr'>γαστὴρ</span> <span class='ocrx_word' id='word_1_152' title='bbox 1008 2568 1229 2629; x_wconf 84' lang='grc' dir='ltr'>λεπτὸν</span> <span class='ocrx_word' id='word_1_153' title='bbox 1276 2566 1350 2629; x_wconf 84' lang='grc' dir='ltr'>οὐ</span> <span class='ocrx_word' id='word_1_154' title='bbox 1389 2567 1569 2632; x_wconf 87' lang='grc' dir='ltr'>τίκτει</span> <span class='ocrx_word' id='word_1_155' title='bbox 1613 2564 1775 2629; x_wconf 84' lang='grc' dir='ltr'>νόον.</span> <span class='ocrx_word' id='word_1_156' title='bbox 1948 2572 2270 2654; x_wconf 75' lang='grc' dir='ltr'>[παχεῖαΡ]</span> 
     </span>
     <span class='ocr_line' id='line_1_29' title="bbox 446 2650 1796 2735; baseline -0.003 -20"><span class='ocrx_word' id='word_1_157' title='bbox 446 2651 623 2734; x_wconf 78' lang='grc' dir='ltr'>Πεζῇ</span> <span class='ocrx_word' id='word_1_158' title='bbox 667 2652 920 2735; x_wconf 79' lang='grc' dir='ltr'>βαδίζω.</span> <span class='ocrx_word' id='word_1_159' title='bbox 964 2655 1086 2714; x_wconf 88' lang='grc' dir='ltr'>νεῖν</span> <span class='ocrx_word' id='word_1_160' title='bbox 1131 2651 1248 2734; x_wconf 85' lang='grc' dir='ltr'>γὰρ</span> <span class='ocrx_word' id='word_1_161' title='bbox 1294 2650 1406 2713; x_wconf 79' lang='grc' dir='ltr'>οὐκ</span> <span class='ocrx_word' id='word_1_162' title='bbox 1449 2650 1796 2732; x_wconf 83' lang='grc' dir='ltr'>ἐπίσταμαι.</span> 
     </span>
     <span class='ocr_line' id='line_1_30' title="bbox 446 2733 1849 2818; baseline -0.003 -18"><span class='ocrx_word' id='word_1_163' title='bbox 446 2734 692 2800; x_wconf 75' lang='grc' dir='ltr'>Πείθειν</span> <span class='ocrx_word' id='word_1_164' title='bbox 735 2734 850 2818; x_wconf 84' lang='grc' dir='ltr'>γὰρ</span> <span class='ocrx_word' id='word_1_165' title='bbox 897 2734 1028 2798; x_wconf 83' lang='grc' dir='ltr'>οἶδε</span> <span class='ocrx_word' id='word_1_166' title='bbox 1075 2736 1177 2798; x_wconf 85' lang='grc' dir='ltr'>καὶ</span> <span class='ocrx_word' id='word_1_167' title='bbox 1218 2733 1460 2818; x_wconf 83' lang='grc' dir='ltr'>πέφυκε</span> <span class='ocrx_word' id='word_1_168' title='bbox 1500 2735 1582 2817; x_wconf 86' lang='grc' dir='ltr'>μὴ</span> <span class='ocrx_word' id='word_1_169' title='bbox 1627 2733 1849 2815; x_wconf 91' lang='grc' dir='ltr'>λέγων.</span> 
     </span>
     <span class='ocr_line' id='line_1_31' title="bbox 448 2816 1863 2903; baseline -0.001 -20"><span class='ocrx_word' id='word_1_170' title='bbox 448 2818 745 2883; x_wconf 88' lang='grc' dir='ltr'>Πεινῶντι</span> <span class='ocrx_word' id='word_1_171' title='bbox 802 2818 1079 2882; x_wconf 82' lang='grc' dir='ltr'>κλέπτειν</span> <span class='ocrx_word' id='word_1_172' title='bbox 1125 2817 1248 2881; x_wconf 81' lang='grc' dir='ltr'>ἔστ’</span> <span class='ocrx_word' id='word_1_173' title='bbox 1300 2819 1649 2899; x_wconf 82' lang='grc' dir='ltr'>ἀναγκαίως</span> <span class='ocrx_word' id='word_1_174' title='bbox 1696 2816 1863 2903; x_wconf 82' lang='grc' dir='ltr'>ἔχον.</span> 
     </span>
     <span class='ocr_line' id='line_1_32' title="bbox 448 2901 1806 2987; baseline -0.001 -21"><span class='ocrx_word' id='word_1_175' title='bbox 448 2901 644 2966; x_wconf 85' lang='grc' dir='ltr'>Πενία</span> <span class='ocrx_word' id='word_1_176' title='bbox 685 2902 800 2986; x_wconf 88' lang='grc' dir='ltr'>γάρ</span> <span class='ocrx_word' id='word_1_177' title='bbox 846 2902 1002 2965; x_wconf 87' lang='grc' dir='ltr'>ἐστιν</span> <span class='ocrx_word' id='word_1_178' title='bbox 1042 2904 1081 2986; x_wconf 82' lang='grc' dir='ltr'>ἡ</span> <span class='ocrx_word' id='word_1_179' title='bbox 1129 2902 1371 2987; x_wconf 89' lang='grc' dir='ltr'>τρόπων</span> <span class='ocrx_word' id='word_1_180' title='bbox 1419 2904 1806 2973; x_wconf 89' lang='grc' dir='ltr'>διδάσκαλος.</span> 
     </span>
     <span class='ocr_line' id='line_1_33' title="bbox 449 2985 1708 3073; baseline -0.002 -24"><span class='ocrx_word' id='word_1_181' title='bbox 449 2985 677 3050; x_wconf 84' lang='grc' dir='ltr'>Πέπων</span> <span class='ocrx_word' id='word_1_182' title='bbox 727 2985 923 3069; x_wconf 84' lang='grc' dir='ltr'>ἐρινὸς</span> <span class='ocrx_word' id='word_1_183' title='bbox 963 2990 1280 3057; x_wconf 83' lang='grc' dir='ltr'>παντελῶς</span> <span class='ocrx_word' id='word_1_184' title='bbox 1326 2989 1577 3073; x_wconf 87' lang='grc' dir='ltr'>ἀχρεῖος</span> <span class='ocrx_word' id='word_1_185' title='bbox 1623 2988 1708 3051; x_wconf 83' lang='grc' dir='ltr'>ὤν</span> 
     </span>
    </p>

    <p class='ocr_par' dir='ltr' id='par_1_10' title="bbox 451 3071 1926 3580">
     <span class='ocr_line' id='line_1_34' title="bbox 538 3071 1844 3158; baseline 0.002 -25"><span class='ocrx_word' id='word_1_186' title='bbox 538 3072 625 3139; x_wconf 87' lang='grc' dir='ltr'>εἰς</span> <span class='ocrx_word' id='word_1_187' title='bbox 668 3073 915 3157; x_wconf 83' lang='grc' dir='ltr'>βρῶσιν,</span> <span class='ocrx_word' id='word_1_188' title='bbox 962 3071 1191 3141; x_wconf 84' lang='grc' dir='ltr'>ἄλλους</span> <span class='ocrx_word' id='word_1_189' title='bbox 1238 3072 1599 3158; x_wconf 74' lang='grc' dir='ltr'>ἐξερινάζεις</span> <span class='ocrx_word' id='word_1_190' title='bbox 1644 3071 1844 3158; x_wconf 73' lang='grc' dir='ltr'>λόγως</span> 
     </span>
     <span class='ocr_line' id='line_1_35' title="bbox 451 3153 1760 3241; baseline 0 -23"><span class='ocrx_word' id='word_1_191' title='bbox 451 3153 785 3239; x_wconf 86' lang='grc' dir='ltr'>Περνῶντα</span> <span class='ocrx_word' id='word_1_192' title='bbox 830 3155 931 3217; x_wconf 86' lang='grc' dir='ltr'>τὸν</span> <span class='ocrx_word' id='word_1_193' title='bbox 975 3158 1312 3241; x_wconf 87' lang='grc' dir='ltr'>χαραδριὸν</span> <span class='ocrx_word' id='word_1_194' title='bbox 1368 3156 1760 3240; x_wconf 76' lang='grc' dir='ltr'>μιμούμενος.</span> 
     </span>
     <span class='ocr_line' id='line_1_36' title="bbox 452 3237 1756 3326; baseline 0.004 -24"><span class='ocrx_word' id='word_1_195' title='bbox 452 3237 709 3303; x_wconf 74' lang='grc' dir='ltr'>Πίνουσ’</span> <span class='ocrx_word' id='word_1_196' title='bbox 747 3239 1014 3324; x_wconf 79' lang='grc' dir='ltr'>ὁμίχλην</span> <span class='ocrx_word' id='word_1_197' title='bbox 1058 3245 1167 3323; x_wconf 81' lang='grc' dir='ltr'>τῆς</span> <span class='ocrx_word' id='word_1_198' title='bbox 1204 3244 1501 3326; x_wconf 88' lang='grc' dir='ltr'>πονηρίας</span> <span class='ocrx_word' id='word_1_199' title='bbox 1551 3242 1756 3307; x_wconf 80' lang='grc' dir='ltr'>κακοί.</span> 
     </span>
     <span class='ocr_line' id='line_1_37' title="bbox 451 3321 1897 3410; baseline 0.001 -23"><span class='ocrx_word' id='word_1_200' title='bbox 451 3321 683 3392; x_wconf 76' lang='grc' dir='ltr'>Ποθεῖς</span> <span class='ocrx_word' id='word_1_201' title='bbox 714 3325 816 3386; x_wconf 84' lang='grc' dir='ltr'>τὸν</span> <span class='ocrx_word' id='word_1_202' title='bbox 865 3325 936 3388; x_wconf 81' lang='grc' dir='ltr'>οὐ</span> <span class='ocrx_word' id='word_1_203' title='bbox 976 3324 1253 3410; x_wconf 90' lang='grc' dir='ltr'>παρόντα</span> <span class='ocrx_word' id='word_1_204' title='bbox 1293 3328 1394 3389; x_wconf 85' lang='grc' dir='ltr'>καὶ</span> <span class='ocrx_word' id='word_1_205' title='bbox 1437 3328 1628 3409; x_wconf 78' lang='grc' dir='ltr'>μάτην</span> <span class='ocrx_word' id='word_1_206' title='bbox 1670 3330 1897 3396; x_wconf 89' lang='grc' dir='ltr'>καλεῖς.</span> 
     </span>
     <span class='ocr_line' id='line_1_38' title="bbox 453 3405 1926 3494; baseline 0.004 -24"><span class='ocrx_word' id='word_1_207' title='bbox 453 3405 715 3476; x_wconf 88' lang='grc' dir='ltr'>Πόλεως</span> <span class='ocrx_word' id='word_1_208' title='bbox 761 3407 1030 3493; x_wconf 81' lang='grc' dir='ltr'>ἁλούσης</span> <span class='ocrx_word' id='word_1_209' title='bbox 1074 3411 1294 3479; x_wconf 88' lang='grc' dir='ltr'>πάντες</span> <span class='ocrx_word' id='word_1_210' title='bbox 1338 3409 1415 3473; x_wconf 73' lang='grc' dir='ltr'>αὖ</span> <span class='ocrx_word' id='word_1_211' title='bbox 1463 3412 1726 3494; x_wconf 83' lang='grc' dir='ltr'>φροῦδοι</span> <span class='ocrx_word' id='word_1_212' title='bbox 1770 3412 1926 3476; x_wconf 79' lang='grc' dir='ltr'>θεοί.</span> 
     </span>
     <span class='ocr_line' id='line_1_39' title="bbox 453 3489 1788 3580; baseline 0.002 -25"><span class='ocrx_word' id='word_1_213' title='bbox 453 3489 657 3556; x_wconf 83' lang='grc' dir='ltr'>Πολιὰ</span> <span class='ocrx_word' id='word_1_214' title='bbox 699 3490 927 3577; x_wconf 86' lang='grc' dir='ltr'>χρόνου</span> <span class='ocrx_word' id='word_1_215' title='bbox 973 3495 1245 3578; x_wconf 83' lang='grc' dir='ltr'>μήνυσις,</span> <span class='ocrx_word' id='word_1_216' title='bbox 1288 3495 1359 3560; x_wconf 81' lang='grc' dir='ltr'>οὐ</span> <span class='ocrx_word' id='word_1_217' title='bbox 1410 3496 1788 3580; x_wconf 82' lang='grc' dir='ltr'>φρονήσεως.</span> 
     </span>
    </p>
   </div>
  </div>
 </body>
</html>
