2452 4186
1181 339 1305 401 260

331 507 371 589 β.
392 508 475 573 34
889 502 972 575 ‘H
1018 509 1208 586 γραῦς
1251 505 1290 585 ἡ
1338 501 1618 587 Βάκχου.

323 593 638 652 Pernicies
684 592 938 652 calicum
975 592 1222 665 Baucis,
1270 592 1410 650 dum
1456 593 1615 651 forte
1662 591 1889 650 iaceret

411 681 636 756 Aegra,
669 678 807 737 Iovi
844 678 1000 736 tales
1046 677 1310 754 concipit
1348 697 1454 736 ore
1498 695 1745 753 preces:

327 763 398 825 Si
443 763 641 822 morbi
686 764 836 821 dura
877 765 1030 821 haec
1069 763 1356 820 incendia
1394 762 1632 839 fugero,
1678 769 1917 820 centum

413 847 596 909 Soles
646 848 720 906 de
763 867 914 924 puro
951 868 1077 906 non
1116 848 1239 906 nisi
1279 848 1451 906 fonte
1495 848 1698 905 bibam

326 934 568 1007 Sobria,
611 940 956 1008 temetoque
994 951 1235 990 carens·
1289 939 1437 1009 post
1478 931 1688 989 functa
1724 929 1957 1007 periclo

412 1019 583 1083 Luce
620 1017 730 1077 illa
770 1018 877 1076 tali
920 1018 1148 1094 cogitat
1187 1024 1318 1075 arte
1363 1016 1597 1074 dolum:

328 1102 499 1178 Quod
547 1112 751 1161 versat
788 1103 1092 1174 manibus,
1154 1121 1268 1178 per
1310 1092 1522 1158 crebra
1552 1098 1855 1158 foramina
1896 1099 2167 1157 cribrum

254 1196 265 1207 “
338 1252 341 1255 ,
411 1187 688 1264 Inspicit,
735 1196 795 1247 et
831 1188 996 1253 soles
1041 1187 1266 1245 callida
1302 1186 1468 1244 mille
1509 1185 1688 1243 videt.

333 1355 473 1439 β47
773 1350 1040 1415 Ἢθελον
1091 1351 1162 1414 οὐ
1208 1348 1440 1436 χρυσόν
1480 1372 1546 1412 τε
1588 1350 1709 1412 καὶ,

266 1484 273 1493 ·
330 1441 611 1519 Optarim
655 1440 804 1507 mihi
848 1461 970 1499 non
1012 1459 1245 1512 aurum,
1285 1458 1401 1496 non
1448 1438 1673 1514 oppida
1711 1446 1930 1511 terrae,

412 1526 553 1585 Non
594 1545 745 1601 quas
787 1522 1135 1583 Thebarum
1183 1526 1367 1582 iactat
1412 1523 1713 1582 Homerus
1758 1543 1945 1600 opes:

326 1611 552 1670 Verum
592 1617 660 1679 ut
700 1610 885 1687 plena
920 1630 1088 1671 mero
1134 1616 1420 1686 spument
1459 1609 1607 1665 mihi
1642 1609 1867 1684 pocula
1887 1608 2174 1682 Bacche,

415 1694 781 1769 Summaque
817 1703 1148 1772 perpetuus
1187 1694 1435 1770 proluat
1474 1713 1580 1751 ora
1625 1693 1825 1751 latex:

329 1780 587 1857 Semper
632 1781 960 1838 amicorum
999 1773 1520 1855 circum'potante
1572 1797 1816 1851 corona,

413 1866 493 1924 Et
534 1865 719 1923 vitem
763 1864 1066 1942 agricolae
1108 1864 1267 1922 falce
1311 1876 1621 1939 premente
1666 1864 1883 1921 colant.

331 1949 523 2022 Haec,
573 1968 724 2024 quas
769 1957 994 2022 sector,
1043 1969 1226 2026 opum
1272 1957 1414 2007 sunt
1458 1956 1829 2025 argumenta.
1874 1946 2079 2005 valete

414 2035 666 2108 Fasces,
711 2052 843 2091 cum
889 2044 1066 2093 teneo
1107 2034 1328 2112 pocula
1369 2034 1555 2112 plena
1597 2053 1798 2091 manu.

331 2224 366 2280 γ
398 2203 425 2261 1
860 2198 1247 2283 Σωφροσόνῃ
1294 2200 1649 2284 προφέρων.

330 2288 573 2350 Iustitia
615 2296 756 2346 ante
801 2306 1009 2346 omnes
1053 2288 1467 2365 praestantior
1508 2297 1689 2363 atque
1729 2286 1954 2363 pudore

416 2373 573 2432 Dius
618 2374 955 2436 Aristocles
1006 2375 1121 2432 hac
1155 2375 1483 2448 requiescit
1524 2374 1729 2431 humo.

334 2458 403 2520 Si
447 2460 544 2518 cui
589 2479 772 2535 supra
815 2460 972 2518 alios
1019 2478 1300 2536 magnum
1345 2458 1647 2534 sapientia
1682 2475 1904 2515 nomen

415 2545 615 2603 Fecit:
661 2545 856 2603 maius
899 2544 1101 2618 habet,
1144 2564 1257 2601 nec
1301 2563 1499 2602 comes
1541 2542 1769 2601 invidia
1812 2550 1921 2601 est.

331 2712 424 2789 79
846 2708 1084 2794 ’Άβαλε
1128 2707 1280 2793 μηδ>
1328 2707 1631 2790 ἐγένοντο.

333 2797 389 2858 Ο
436 2796 491 2854 si
534 2814 648 2854 nec
691 2797 889 2869 tedae,
935 2817 1046 2856 nec
1089 2798 1231 2855 lecti
1270 2798 1405 2855 iura
1446 2798 1728 2868 fuissent,

415 2881 943 2959 Nulla-puerperii
983 2883 1106 2941 tela
1148 2883 1464 2941 tremenda
1505 2884 1728 2940 forent.

330 2965 512 3025 Nunc
551 2966 744 3040 sedet,
793 2976 852 3025 et
893 2967 1094 3027 lentos
1141 2976 1426 3045 expectat
1468 2967 1730 3025 foemina
1773 2973 2010 3041 partuS,

414 3054 532 3111 Ast
569 3052 715 3109 duro
757 3053 1100 3112 exanimum
1146 3062 1357 3111 ventre
1393 3060 1656 3110 moratur
1704 3069 1876 3110 onus.

330 3136 462 3194 Iam
505 3146 628 3196 tres
678 3138 1092 3214 circumagens
1145 3141 1325 3197 orbes
1367 3139 1474 3195 lux
1505 3137 1790 3212 explicat,
1834 3154 1910 3191 ex
1953 3152 2081 3208 quo

415 3221 1057 3286 Frustraturnascens
1101 3223 1272 3281 irrita
1318 3230 1462 3283 vota
1505 3241 1675 3298 puer.

333 3305 429 3366 Sit
469 3306 601 3378 tibi,
645 3308 824 3366 chare
867 3308 1093 3385 puelle,
1138 3308 1293 3367 levis
1339 3327 1460 3366 non
1500 3314 1682 3377 terra,
1729 3303 1840 3363 sed
1877 3300 2084 3360 alvus.

418 3391 511 3450 Te
560 3393 780 3468 premit
819 3393 991 3465 haec,
1032 3402 1194 3451 terra
1240 3401 1335 3452 est
1374 3410 1490 3450 nec
1535 3389 1853 3450 subeunda
1895 3386 2028 3445 tibi.
