2452 4186
1237 293 1359 351 336

390 460 699 538 Sponsum
737 462 1000 519 futurum
1045 461 1329 538 Angitiae
1377 459 1666 537 Cytaicae

253 551 353 604 175
387 546 672 605 Ardentis
710 546 1035 623 hospitem.
1077 565 1255 621 quem
1298 548 1374 604 ab
1422 548 1684 606 Oenona
1727 546 2007 619 exulanS,

385 632 647 690 Vertens
683 633 746 688 in
792 632 1095 690 hominum
1142 632 1414 688 membra
1451 632 1738 691 formicas
1786 632 2028 705 breves,

386 716 775 794 Pelasgicum
819 716 1125 793 Typhona
1166 717 1456 793 produxit
1497 725 1693 793 pater,

390 801 634 877 Septem
678 822 709 859 e
756 801 974 877 puellis
1021 801 1269 859 torridis
1306 802 1505 859 forma
1544 803 1662 860 lice

391 886 790 963 Superstitem
830 905 1012 943 unum
1058 887 1422 945 vindicatum
1466 907 1541 945 ex
1585 888 1847 965 ignibus.

257 977 358 1031 180
392 972 789 1048 Reciprocam
834 970 938 1027 ille
982 971 1090 1029 sed
1134 972 1476 1031 remanabit
1508 974 1689 1046 viam,
1758 993 1761 996 ·

393 1058 634 1132 Vespas
681 1057 808 1116 suis
855 1074 888 1112 e
929 1057 1247 1132 pumicetis
1294 1058 1539 1116 exciens

393 1141 583 1214 Quasi
624 1162 777 1219 puer
820 1160 1047 1217 vapore
1097 1143 1350 1200 suffiens
1397 1144 1672 1200 domum:

392 1229 471 1287 Et
517 1229 740 1285 caeteri
784 1227 963 1284 Burri
1010 1226 1488 1285 Duellinominis

391 1313 633 1371 Flabris
672 1314 988 1370 iuvencam
1028 1312 1289 1370 atabulis
1338 1313 1592 1369 caedent
1632 1330 1847 1387 popae,

260 1405 358 1458 185
394 1399 649 1455 Matrem
697 1398 971 1455 draconis
1018 1397 1342 1454 incientem
1382 1395 1610 1472 Scyrii:

396 1483 594 1558 Quam
642 1484 829 1560 saepe
874 1482 1091 1539 coniux
1137 1480 1585 1558 Salmydesium
1635 1481 1829 1540 salum

392 1568 561 1625 Intra
604 1569 917 1643 requirens
962 1567 1419 1624 immolatricem
1460 1566 1791 1642 hospitum,

396 1650 846 1730 Spumifragam
887 1653 1150 1710 insulam
1191 1652 1496 1710 obsidebit
1541 1650 1878 1710 Candidum

396 1736 553 1796 Celti
593 1737 894 1812 liquentes
942 1737 1019 1794 ad
1062 1737 1319 1813 paludes
1366 1737 1643 1814 gurgitis,

261 1833 360 1887 190
395 1833 616 1882 Amore
661 1842 947 1898 sponsae,
997 1841 1175 1880 cerva
1216 1841 1397 1896 quam
1438 1822 1777 1897 volucripes

394 1907 672 1984 Iugulum
718 1909 1055 1984 propinans
1104 1908 1328 1964 eximet
1375 1908 1730 1983 secespitae.

399 1991 731 2067 Spaciosus
772 1993 933 2049 intra
969 1991 1135 2049 littus
1185 1992 1591 2068 appellabitur

399 2076 583 2137 Solus
623 2076 823 2134 mariti
868 2095 1078 2134 cursus
1115 2077 1179 2134 in
1222 2077 1528 2152 crepidine

399 2161 639 2222 Sortem
686 2162 980 2239 gementis
1029 2170 1206 2236 atque
1254 2163 1514 2221 classem
1559 2162 1878 2233 coelibem,

264 2255 366 2308 195
401 2248 481 2305 Et
523 2268 649 2305 non
694 2247 954 2304 videndo
996 2249 1267 2305 membra
1305 2255 1594 2305 mutatam
1637 2246 1819 2304 modo

400 2332 658 2392 Cascam
705 2341 1012 2390 cruentum
1056 2352 1163 2391 vas
1205 2335 1401 2408 probe
1450 2340 1510 2390 et
1554 2333 1867 2403 libamina,
1950 2330 2234 2405 [propa]
2323 2396 2340 2415 ὓ

401 2419 665 2493 Orcique
706 2419 1066 2493 flam[m]am
1112 2419 1544 2476 exuberantem
1588 2417 1859 2474 funditus

402 2503 713 2563 Cortinam
765 2505 1047 2574 ahenam,
1090 2523 1269 2577 quam
1317 2512 1452 2560 atra
1491 2503 1680 2574 flabit,
1727 2508 1967 2560 mortua

400 2588 716 2648 Cadavera
758 2589 999 2646 elixans
1047 2589 1366 2663 coquinatu
1417 2589 1712 2664 improbo·
1768 2610 1775 2616 ·

264 2678 369 2732 200
403 2676 484 2732 Et
527 2674 632 2731 ille
676 2674 869 2731 obibit
912 2673 1146 2732 eiulans
1188 2692 1463 2748 campum
1510 2671 1799 2750 Scythen,

399 2760 674 2818 Procans
720 2758 946 2816 amoris
992 2759 1255 2832 quinque
1300 2759 1535 2817 circites
1580 2767 1813 2816 torum:

402 2845 504 2903 Illi
547 2854 687 2902 ante
729 2861 968 2901 acerras
1016 2844 1260 2920 auguris
1310 2842 1579 2903 Saturnii

402 2926 814 3007 Deglutientis
859 2947 991 2986 cum
1039 2939 1292 3004 parente
1334 2928 1498 2986 filios

406 3015 688 3076 Secunda
722 3015 974 3071 iurantis
1012 3014 1235 3071 fidusta
1280 3014 1578 3090 sagmina,

267 3107 369 3160 205
406 3102 746 3159 Tonsarum
791 3098 1073 3156 amicient
1115 3099 1378 3175 remiges
1423 3097 1651 3173 stropis
1695 3112 1935 3166 manuS,

404 3186 829 3259 Bacchumque
878 3185 1173 3259 sospitem
1219 3193 1279 3241 et
1319 3183 1539 3259 prioris
1584 3179 1884 3238 vindicem

405 3271 634 3329 Luctus
676 3277 987 3341 canentes,
1030 3269 1124 3326 cui
1163 3270 1228 3326 in
1271 3268 1541 3327 obscuris
1585 3265 1750 3322 cavis

405 3355 784 3430 Delphorum
833 3361 1047 3431 operta
1089 3353 1166 3411 ad
1205 3362 1381 3411 antra
1424 3351 1672 3410 Lucrini
1717 3349 1813 3406 dei

406 3442 709 3500 Abstrusa
748 3439 874 3497 liba
918 3439 1287 3496 Tauriformi
1332 3438 1548 3497 offeret

272 3531 376 3586 210
411 3526 648 3587 Classis
698 3524 1049 3582 tremendae
1088 3524 1500 3599 millepraetor
1541 3520 1802 3580 navium.
