2452 4186
1050 305 1184 373 ,145
1277 356 1292 371 .

189 465 410 537 ’Ὅλοις
450 469 720 554 χελιδών
770 492 857 538 τις
896 470 1110 555 πρόσω
1154 471 1427 556 σχοίνοις
1463 464 1663 553 πάρει.

187 549 309 618 ‘'Ov
359 553 433 617 οὔ
474 552 691 638 τρέφει
732 551 900 628 Κῶς,
943 555 1087 617 οὐδ’
1136 554 1207 618 ἂν
1252 553 1560 637 Αἴγυπτος
1603 553 1840 638 τρέφοι.

194 636 414 704 Ὀναιό
461 638 522 720 γ’
570 639 742 701 ἁλσὶν
785 637 857 701 ἂν
905 639 1313 724 διασμηχθείς
1354 661 1525 702 ποτε.

190 722 382 791 ’Όνος
430 723 696 807 βαδίζεις
734 724 821 791 εἰς
862 723 1068 809 ἄχυρα
1110 725 1394 808 τράγημα
1438 724 1565 789 σόν.

190 806 383 875 Ὄνος
422 807 613 892 λύρας
651 807 908 891 ἤκουσε,
954 809 1057 871 καὶ
1104 810 1433 891 σάλπιγγος
1477 806 1563 876 ὗς.
1623 875 1633 889 ,

186 888 398 956 ’Ὀπου
439 893 527 961 τὶς
565 893 760 974 ἀλγεῖ,
804 897 976 956 κεῖσε
1015 894 1117 956 καὶ
1162 892 1269 975 τὴν
1314 891 1481 978 χεῖρ’
1525 892 1674 978 ἔχει.

194 973 392 1060 Ὁρᾷς
421 977 488 1039 τὸ
533 977 679 1039 Δῖον
726 976 799 1040 οὔ
848 977 1032 1063 βέλος
1072 976 1379 1041 διέπτατο.

196 1058 393 1143 Ὀργὴ
441 1059 777 1145 φιλούντων
826 1064 1037 1146 μικρὸν
1084 1061 1286 1146 ἰσχύει
1325 1061 1570 1145 χρόνον.

185 1143 446 1229 ’Ὀρκοις
494 1147 602 1229 μὲν
647 1144 894 1229 ἄνδρας,
943 1146 1352 1229 ἀστραγάλοις
1395 1145 1463 1208 δὲ
1505 1145 1581 1208 τὰ
1621 1147 1859 1209 παιδία.

189 1227 484 1314 Ὄρνιθος
521 1229 685 1313 ὅρνις
727 1235 859 1299 πῶς
901 1230 972 1294 ἂν
1014 1229 1264 1312 ἁγνεύοι
1309 1232 1560 1315 φαγών;

181 1311 307 1383 ““Ος
348 1313 532 1397 αὐτὸς
573 1315 756 1377 αὑτὸν
801 1315 914 1378 οὐκ
960 1313 1114 1399 ἔχει,
1152 1313 1363 1398 Σάμον
1410 1313 1605 1377 θέλει.

182 1395 401 1506 τὈιζτις
445 1397 544 1505 ἐπὶ
586 1399 852 1505 δεῖπνον,
877 1400 996 1483 ὀψὲ
1036 1400 1288 1481 κληθεὶς
1332 1397 1601 1505 ἔρχεται3

191 1482 1022 1651 Ὀξςκφὲῑςῑςὶῑῑςςηςζέζ
1046 1482 1291 1636 fimi
1316 1484 1648 1635 wm-
1705 1537 1716 1546 ·

178 1647 330 1717 ‘'O‘t'
376 1653 662 1758 ἀργύριον
706 1650 774 1737 ᾖ,
808 1653 1005 1715 πάντα
1047 1653 1154 1715 θεῖ
1193 1649 1579 1735 κᾴλαύνεται.

180 1732 380 1800 (Ὅταν
426 1737 459 1798 δ
537 1740 569 1800 ὃ
611 1738 845 1820 δαίμων
893 1735 964 1799 εὖ
1013 1738 1186 1822 διδῷ,
1222 1739 1283 1799 τί
1321 1739 1423 1800 δεῖ
1463 1736 1697 1820 φίλ’ων;

181 1816 330 1884 ”Οτ’
379 1820 657 1905 εὐτυχεῖς
700 1824 985 1906 μάλιστα,
1034 1823 1115 1906 μὴ
1163 1821 1320 1904 μέγα
1363 1821 1597 1905 φρόνει.

198 1902 294 1970 Οὔ
344 1906 543 1972 δεινὸς
587 1906 796 1982 εἰπεῖν,
845 1907 1007 1969 ἀλλὰ
1060 1912 1229 1990 σιγᾷν
1278 1907 1597 1973 ἀδύνατος.

198 1986 292 2054 Οὐ
343 1991 599 2057 δυνατὸς
640 1989 805 2057 οἶκος
847 1990 934 2058 εἷς
976 1990 1220 2074 τρέφειν
1264 1992 1450 2057 κύνας
1486 1989 1618 2052 δύο.

198 2071 293 2139 Οὐ
343 2074 650 2159 μέμφεται
691 2071 1104 2160 Κορινθίοισιν
1139 2073 1346 2139 Ἴλιον.

198 2156 292 2224 Οὐ
345 2160 454 2243 μία
496 2158 698 2243 λόχμη
743 2160 1012 2244 τρέφοιτ’
1060 2160 1130 2224 ἂν
1180 2160 1508 2245 ἐριθάκους
1545 2159 1680 2222 δύο.

197 2240 292 2308 Οὐ
339 2246 485 2312 παῖς
513 2242 881 2327 Ἀχιλλέως,
927 2244 1073 2307 ἀλλ’
1111 2243 1443 2329 Ἀχιλλεὺς
1491 2245 1675 2312 αὐτὸς
1718 2244 1793 2307 εἴ.

197 2327 291 2395 Οό
339 2330 566 2396 παντὸς
611 2329 830 2411 ἀνδρὸς
873 2330 960 2397 εἰς
1001 2327 1305 2412 Κόρινθον
1348 2329 1488 2393 ἔσθ’
1535 2330 1567 2392 ὁ
1615 2330 1836 2397 πλοῦς.

197 2412 293 2479 Οὐ
342 2411 495 2497 πρός
534 2433 604 2494 γε
643 2412 868 2480 παντός
917 2413 1073 2475 ἐστιν
1117 2415 1375 2497 ἀρτῦσαι
1414 2417 1637 2480 καλῶς.

146 2561 149 2564 ,
197 2496 291 2564 Οὐ
341 2497 568 2583 ῥᾳδίως
607 2497 721 2580 γὰρ
768 2495 896 2559 ἔστ’
947 2496 1510 2581 ἀληθεύων-Κίλιξ.

197 2582 291 2649 Οὐ
343 2582 645 2665 στήσομαι
693 2581 893 2644 λέαιν’
947 2581 1046 2644 ἐπὶ
1093 2583 1580 2666 τυροκνήστιδος.

196 2665 290 2732 Οὐ
341 2666 624 2729 τύπτεται
668 2666 729 2728 δ’
775 2668 807 2729 ὁ
847 2666 1138 2751 πρέσβυς,
1183 2667 1320 2730 οὐδ’
1372 2667 1697 2751 ὑβρίζεται.

196 2749 291 2816 Οὔ
342 2748 729 2835 φεισόμεσθα
773 2752 968 2813 τῶνδε
1016 2754 1274 2835 μᾶλλον,
1320 2752 1358 2835 ἢ
1408 2751 1628 2814 λύκων.

197 2834 355 2901 Οὐδ’
404 2834 587 2902 αὐτὸς
632 2833 806 2919 εὗρεν
851 2835 995 2898 ὁδὸν
1038 2835 1109 2899 ἂν
1152 2833 1600 2920 Ἐξηκεστίδης.

197 2919 356 2986 Οὐδ’
407 2919 470 2980 ἐν
505 2919 872 3004 περιδείπνῳ
908 2920 1061 2982 ποτέ
1106 2920 1165 2981 σ’
1213 2920 1598 2984 ἐπαινέσειαν
1645 2918 1741 2982 ἄν.

198 3002 425 3071 Οὐδεὶς
463 3003 1006 3088 διθυραμβοποιὸς,
1053 3005 1127 3087 ἢν
1177 3005 1344 3089 ὕδωρ
1387 3006 1517 3089 πίῃ.

198 3087 424 3156 Οὐδεὶς
466 3089 746 3172 δοσώνης
787 3111 862 3173 χρ
914 3089 1050 3150 στὸν
1097 3089 1340 3173 ὀψωνεῖ
1375 3089 1578 3173 κρέας.

198 3173 424 3241 Οὐδεὶς
466 3169 641 3235 ἔθυσ’
691 3172 869 3255 εὐεργ
905 3196 979 3255 τῃ
1020 3173 1179 3256 πλὴν
1222 3172 1510 3258 Πυρῤίας.

199 3257 423 3325 Οὐδεὶς
467 3255 746 3341 ἐραστὴς,
792 3257 951 3324 ὅστις
997 3257 1113 3321 οὐκ
1152 3258 1252 3320 ἀεὶ
1299 3262 1484 3340 φιλεῖ.

198 3342 426 3410 Οὐδεὶς
472 3341 762 3425 κομήτης,
811 3340 971 3410 ὅστις
1015 3342 1087 3405 οὐ
1137 3342 1472 3426 ψηνίζεται.

199 3426 424 3495 Οὐδεὶς
467 3425 667 3510 κρέως
698 3424 999 3509 παρόντος
1045 3426 1240 3489 ἐσθίει
1276 3427 1495 3510 θύμον.

198 3510 405 3577 Οὐδὲν
447 3514 562 3595 γάρ
605 3510 811 3593 ἐσμεν,
861 3512 1017 3594 πλὴν
1070 3508 1389 3575 Ποσειδῶν
1437 3514 1539 3577 καὶ
1582 3514 1812 3596 σκάφη.

1537 3629 1612 3688 10
