2452 4186
1100 319 1224 378 253

416 478 506 545 Οὐ
541 480 761 544 τούτου
787 483 971 546 ποτὸν
999 483 1155 546 ἐστὶν
1187 482 1482 559 ἐπαίτιον,
1516 481 1662 545 ἀλλ>
1693 485 1725 547 ὃ
1747 485 2072 553 πεπωκώς.

229 563 371 634 ΚΓ.
408 564 1001 651 Μῆτινάπόῤῥητον
1048 570 1287 652 σιγηλῷ
1325 567 1535 629 κοίνου
1583 569 1828 652 ἑταίρῳ.

409 647 670 733 Χρωτὸς
710 651 1069 735 ἄκεστορίην
1117 658 1316 736 πιστῷ
1354 652 1677 714 πίστευσον
1724 653 1932 736 ἰητρῷ.

235 730 372 797 ΚΔ.
410 731 497 797 Εἴ
533 757 688 802 τινες
733 734 1127 820 εὖτυχέουσιν
1171 737 1407 811 ἀνάξια,
1451 738 1532 843 pig
1581 735 1728 821 (ρέρ>
1774 738 2003 819 ἀηδῶς.

400 814 613 887 Ἵλαός
656 820 783 883 ἐστι
823 820 977 905 τύχη
1020 825 1148 891 τοῖς
1191 823 1441 898 δειλοῖς,
1489 844 1655 905 οφρα
1696 823 1993 903 κακώσῃ..

236 898 371 968 ΚΕ.
415 903 760 988 Δυστυχίας
800 903 1147 987 προνόησον
1194 904 1617 990 ἐπερχομένας
1657 906 2002 988 ὑπομεῖναι.

420 984 842 1071 Κουφοτέρως
866 992 1051 1052 λυπεῖ
1068 992 1135 1054 τὸ
1167 990 1610 1074 προειδόμενον
1635 992 1845 1076 φρεσὶν
1873 992 2073 1074 ἡμῶν.

237 1066 355 1139 Kc.
410 1070 516 1154 Μὴ
567 1080 742 1157 ψυχῇ
782 1075 1100 1137 κατάπιπτ’
1154 1076 1215 1138 ἐν
1262 1075 1672 1159 ἀμηχανίῃσιν
1724 1075 2047 1156 ἀπογνοὺς,

413 1153 676 1220 Ἐλπίδα
721 1159 790 1220 δὲ
834 1159 1109 1241 κρατέειν
1158 1160 1309 1222 οὐδὲ
1355 1159 1732 1243 θνήσκοντας
1771 1159 1992 1223 ἐῶσαν.

235 1237 371 1305 KZ.
409 1239 513 1323 Μὴ
541 1244 730 1326 τάπερ
749 1241 818 1305 ἄν
836 1244 1042 1327 γνοίης
1068 1245 1163 1306 σοὶ
1182 1243 1529 1328 πρόσφορα,
1547 1248 1736 1305 ταῦτα
1750 1243 2074 1326 προέσθαι.

414 1324 665 1408 Πρόσθε
683 1324 849 1411 κομᾷ
863 1328 970 1408 μὲν
984 1330 1257 1411 ὁκαιρὸς,
1268 1327 1519 1391 ὄπισθεν
1532 1328 1581 1389 δ’
1602 1327 2074 1433 ἐστὶιραλακρός.

237 1406 378 1474 KH.
417 1409 657 1493 Δέρκου
676 1412 762 1473 ἐνὶ
779 1413 990 1496 φρεσὶν
1014 1410 1141 1496 ᾗσι,
1163 1412 1309 1475 τάτ’
1329 1412 1637 1496 ἐσσόμενα
1650 1434 1769 1493 προ
1791 1411 1845 1473 τ’
1873 1412 2072 1496 ἐόν-τα.

417 1490 535 1556 Τόν
590 1518 656 1557 τε
699 1495 845 1558 θεὸν
887 1497 1169 1580 μίμησαι,
1213 1497 1281 1565 ὃς
1327 1496 1773 1582 ἀμφοτέρωθεν
1813 1497 2072 1559 ὀπώπει.

235 1574 374 1642 ΚΘ.
408 1576 636 1663 Ἀρκοό
683 1581 791 1661 μὲν
837 1583 991 1665 πρὸς
1029 1581 1241 1665 καιρὸν
1275 1582 1564 1660 ὃλίζοσιν,
1606 1579 1748 1664 ὄφρ’
1781 1581 2071 1664 ὑγιαίνῃς.

412 1660 534 1726 Καὶ
578 1663 728 1747 νέμε
775 1670 983 1748 παῦρα
1019 1671 1247 1750 τρυφῇ,
1269 1666 1342 1728 τὰ
1370 1666 1438 1729 δὲ
1464 1665 1722 1728 πλείονα
1750 1669 1828 1748 τῇ
1855 1666 2072 1749 ὑγιείῃ.

234 1746 314 1812 Λ.
417 1745 522 1830 Μὴ
566 1748 672 1832 τὴν
721 1755 829 1812 τοῦ
871 1750 1151 1833 πλήθους
1189 1756 1397 1836 ψῆφον
1430 1749 1617 1833 μόνος
1645 1750 1729 1811 ὢν
1761 1751 2074 1834 ἀθερίζῃς,

411 1830 515 1916 Μὴ
563 1835 667 1896 καὶ
709 1839 829 1896 τῶν
868 1838 1118 1898 πολλῶν
1165 1836 1483 1918 ὀλιγωρῶν
1509 1833 1643 1896 οὐδ’
1673 1833 1759 1896 ἕν’
1787 1834 2073 1918 ἀρέσκῃς.

233 1916 373 1980 ΛΑ.
414 1916 670 2001 Πρῶτον
717 1918 804 1981 ἐνὶ
841 1921 1106 2003 πρώτοις
1144 1919 1385 2003 μελέτω
1435 1920 1530 1981 σοὶ
1569 1922 1676 2000 τῆς
1722 1920 1968 2003 ὑγιείης,

415 2000 519 2084 Μὴ
565 2002 716 2085 ψέγε
754 2003 861 2071 τὰς
901 2006 1087 2087 ὥρας.
1138 2005 1207 2067 σύ
1254 2027 1348 2067 τοι
1395 2003 1587 2071 αἴτιος
1620 2003 1753 2065 ἐσσὶ
1785 2003 2027 2069 ,νόσοιο.

231 2083 373 2152 ΛΒ.
408 2084 513 2170 Μὴ
542 2086 616 2150 τὰ
636 2087 884 2151 ἐνύπνια
917 2089 1013 2152 σοὶ
1036 2088 1296 2173 μελέτω.
1328 2088 1402 2152 τὰ
1419 2087 1533 2173 γὰρ
1555 2086 1803 2173 εὔχεται
1834 2089 2071 2173 ἀνδρῶν

414 2169 583 2240 Νοῦς
615 2173 773 2256 ὕπαρ
812 2175 1097 2250 ἐλπίζων,
1122 2176 1267 2237 τάδ’
1299 2173 1447 2258 ὄναρ
1476 2174 1845 2258 φαντάζεται
1873 2173 2073 2242 αὐτός.

808 2338 1152 2406 ΒΙΒΛΙΟΝ
1198 2339 1382 2405 ΤΡΙΤ
1389 2339 1521 2405 ΟΝ.

237 2424 318 2490 Α.
399 2419 610 2492 (Ὀστις
659 2425 982 2507 ἐπιστῆσαι
1027 2427 1237 2512 βούλει
1281 2427 1581 2493 τοίςδεσσι
1629 2424 1901 2507 μέτροισι

416 2506 560 2577 Τοῖς
581 2510 739 2572 πολὺ
768 2510 1009 2593 πλῆθος
1036 2509 1254 2595 ἔχουσι
1278 2508 1642 2595 βιωφελέων
1676 2509 2028 2591 ὑποθηκῶν,

416 2592 676 2657 Πολλῶν
703 2594 773 2657 ἄν
799 2595 939 2678 μέγ’
969 2595 1162 2658 ὄναιο.
1203 2595 1273 2659 σὺ
1299 2597 1329 2658 δ
1350 2594 1362 2614 '
1388 2597 1443 2656 εἰ
1468 2595 1548 2677 μὴ
1574 2594 1650 2658 δέ
1696 2615 1873 2656 νυσαι
1896 2592 2073 2669 αὐτὰ,
2130 2664 2137 2667 ,

417 2674 507 2742 Οὐ
559 2680 659 2763 τὸν
711 2680 1022 2763 ὑφηγητήν
1066 2704 1163 2761 με,
1208 2683 1278 2743 σὲ
1323 2681 1391 2742 δὲ
1416 2679 1666 2742 πλέονέ
1705 2678 2070 2761 αθερίσσεις.

232 2761 321 2829 Β.
413 2760 532 2829 Τὸν
547 2768 687 2825 νοῦν
706 2764 1264 2848 ἐντολίαιςρύθμιζε
1281 2763 1836 2848 μαθητύοςοῦποτε
1853 2764 2073 2847 λήγων.

417 2846 619 2912 Εἰκὼν
660 2848 774 2933 γὰρ
828 2847 1021 2932 μόρου
1072 2851 1197 2913 ἐστὶ
1248 2850 1554 2957 μαθησιος
1585 2848 1867 2932 ἄμμορος
1896 2849 2070 2911 αἰών.

243 2932 314 2997 Γ.
411 2931 517 3016 Μὴ
566 2934 820 3017 δώροισι
864 2934 1053 3018 τύχης
1097 2936 1528 3019 ἐλλαμπρυνου
1578 2934 1728 3016 ὑπὲρ
1778 2933 1976 2995 αἶσαν.

365 3093 370 3097 .
419 3014 551 3080 Οὐκ
589 3015 759 3102 ὄλβῳ
793 3018 1039 3101 νέμεται
1080 3021 1268 3082 καλὸν
1313 3017 1513 3095 κλέος,
1559 3017 1719 3081 ἀλλὰ
1773 3017 2070 3100 τρόποισι.

245 3101 318 3164 Δ.
410 3099 655 3185 Ὀρθῶς
694 3105 814 3173 ζῶν
855 3102 929 3165 τὰ
971 3108 1175 3165 κακῶν
1211 3105 1612 3188 λεσχάσματα
1641 3103 1722 3184 μὴ
1749 3102 2071 3183 ἀλεγίζοις.

418 3183 508 3250 Οὐ
553 3186 669 3269 γὰρ
714 3186 826 3271 ἐφ’
868 3188 1012 3270 ἡμῖν
1053 3188 1235 3264 ἐστὶν,
1292 3189 1548 3254 ἕκαστος
1590 3188 1755 3248 τίπτε
1803 3188 2069 3270 λαλήσῃ.

233 3269 321 3337 Ε.
403 3268 521 3334 ’Ὴν
547 3273 787 3355 κληθῇς
826 3272 976 3334 ποτὲ
1005 3273 1253 3354 μάρτυς,
1279 3272 1425 3334 ὅσον
1452 3275 1655 3354 τηρεῖν
1677 3273 1743 3334 τὸ
1776 3273 2069 3347 συνειδὸς,

375 3410 384 3422 .
416 3351 561 3436 (Ὡς
580 3379 649 3437 γε
669 3358 928 3438 μάλιστα
942 3356 1123 3440 δύνῃ)
1139 3357 1494 3439 τοῦγκλημα
1506 3356 1778 3439 κάλυψον
1805 3355 2071 3440 ἑταίρου.

244 3464 301 3512 ς.
411 3439 671 3507 Μύθους
716 3441 1035 3525 αἱμυλίους
1077 3443 1179 3504 καὶ
1221 3441 1630 3508 κωτίλλοντας
1677 3440 1927 3502 ἀλεύου.

418 3523 669 3608 Μάρτυς
711 3526 1102 3610 ἀληθοσύνης
1145 3525 1436 3609 ἁπλότης,
1465 3523 1646 3592 δόλος
1678 3523 2071 3669 αἰ[μυ]λὲ>μύ-

1885 3612 1911 3687 [
1957 3627 2073 3671 ων.
