2452 4186
1286 320 1404 380 1⁴76

430 485 600 560 9,83.
649 487 780 546 σεῖο
808 492 1212 569 κυνηγετικῶν
1239 487 1327 550 ἐνὶ
1346 486 1646 569 θαύμασι,
1670 482 1941 570 Καῖσαρ,
1972 486 2256 570 ἀγώνων,

515 569 575 632 οἳ
618 568 782 631 καλὰ
825 570 1036 634 νικῶσι
1075 576 1194 634 τῶν
1235 572 1374 652 πρὶν
1420 569 1624 635 ἄεθλα
1668 568 1953 653 πρόμων,

429 651 623 716 οὔατα
667 652 776 734 μέν
826 678 923 718 σοι
965 655 1188 733 πουλὺ,
1240 655 1430 718 πλέον
1473 654 1534 717 δ’
1576 652 1665 717 ἔτι
1707 653 1946 737 ὄμματ’
1995 655 2260 740 ὀφείλει,

515 737 700 805 αὐτὸς
742 737 838 801 ὅτ’
882 740 1188 824 αὐτόπτης
1235 741 1391 803 ἐστὶν
1438 739 1471 802 ὃ
1515 739 1619 801 καὶ
1657 738 1924 803 λαλέων.

433 909 636 982 11,33.
660 907 693 969 ὁ
706 903 1007 991 Πράσινος
1021 907 1393 991 μάλαπυκνὰ
1402 905 1777 973 δεδουπότος
1789 904 1957 970 ἆθλα
1967 905 2252 993 Νέρωνος

513 991 756 1075 ἄρνυτο,
804 992 1049 1075 νικητὴς
1080 993 1348 1055 πολλάκι
1390 993 1577 1059 κῦδος
1624 991 1807 1055 ἑλών.

429 1073 613 1159 βάσκ’
660 1073 747 1137 ἴθι
759 1075 1105 1223 1ἓασκοινίη,
1145 1076 1301 1146 εἶξαι
1344 1076 1602 1160 ψεύδοιό
1641 1072 1908 1158 Νέρωνι.

514 1159 635 1243 οὐχ
683 1162 716 1223 ὁ
820 1159 977 1244 έρων
1021 1161 1250 1244 νίκησ’,
1295 1159 1446 1223 ἀλλ’
1496 1162 1528 1223 ὁ
1572 1158 1759 1242 μόνος
1806 1157 2131 1244 Πράσινος.

428 1329 485 1404 9,
499 1330 602 1391 38.
649 1329 705 1391 εἰ
741 1330 845 1391 καὶ
870 1329 1069 1392 πάντα
1087 1329 1275 1415 κύβον
1310 1330 1534 1414 ῥίπτειν
1566 1326 1648 1401 σ’,
1682 1326 1999 1410 Ἀγαθῖνε,
2023 1331 2245 1415 δεήσει,

511 1412 586 1475 οὐ
631 1413 836 1496 τεύξῃ,
878 1413 1104 1497 πέλτην
1151 1416 1311 1477 ὥστε
1357 1414 1453 1475 σοὶ
1493 1412 1828 1475 ἐκπεσέειν.

429 1497 743 1582 ἑσπομένη
792 1498 1034 1561 ἀέκοντι
1078 1498 1449 1565 παλίσσυτος
1489 1497 1605 1568 ἰ’ζει
1650 1496 1757 1560 ἐπ’
1804 1497 1999 1582 ἄκρου

511 1582 550 1665 ἢ
595 1583 806 1659 ποδὸς,
847 1583 885 1665 ἢ
936 1582 1175 1658 νώτοι’,
1220 1582 1404 1657 ἰΕόος,
1448 1582 1486 1664 ἢ
1537 1580 1782 1666 ὄνυχος.

425 1666 498 1750 ἢν
538 1666 642 1729 καὶ
686 1666 937 1735 ὅλισθος
982 1665 1100 1752 ἔχῃ
1140 1666 1421 1748 θυμέλην
1469 1666 1780 1750 ῥανίὸεσσι
1816 1665 2091 1750 κρόκοιο,

507 1750 582 1833 ἢν
629 1752 732 1813 καὶ
773 1750 1085 1833 ἀνειλίσσῃ
1129 1751 1240 1819 τὰς
1284 1749 1513 1818 ὀθόνας
1556 1749 1802 1832 ἄνεμος.

424 1839 543 1897 τῶν
594 1834 833 1919 μελέων
877 1836 1216 1919 ἀμερίμνου
1268 1835 1599 1898 ἐπέσσυται
1635 1836 1991 1918 ἀπρονοητί.

511 1919 644 1983 οὔτ’
686 1919 896 2005 ἀνέμῳ
934 1920 1191 2003 παίκτης
1237 1920 1587 2004 βλάπτεται,
1636 1919 1780 1999 οὔτε
1831 1918 2058 2003 κρόκῳ.

425 2005 620 2066 πάντα
658 2009 875 2080 ποιῶν,
919 2003 1224 2086 Ἀγαθῖν’,
1271 2002 1354 2065 ἵν’
1394 2004 1694 2088 ἁμάρτῃς,
1739 2003 1854 2067 οὐκ
1902 2004 2252 2090 ἀτυχήσεις.

505 2087 724 2175 τέχνης
763 2090 876 2165 δεῖ,
916 2088 1143 2174 πέλτην
1181 2091 1342 2152 ὥστε
1386 2089 1483 2152 σοὶ
1533 2087 1872 2152 ἐκπεσέειν.

430 2261 530 2335 13,
555 2262 693 2322 100.
712 2260 924 2342 θοῦρις
942 2259 1371 2344 ὀδοντομάχου
1397 2258 1559 2343 θήρη
1581 2257 1922 2343 ἐλέφαντος
1945 2258 2247 2341 ἀφείσθω.

506 2344 697 2413 καλὸς
741 2344 1162 2427 (ἀφαιρείσθω
1202 2346 1372 2425 λῖνα)
1406 2344 1665 2427 πάρεστ’
1717 2342 1993 2427 ὄναγρος.

431 2515 524 2587 13,
542 2515 643 2576 95.
684 2518 955 2598 πρωϊνοῦ
989 2512 1101 2580 οὐκ
1133 2514 1456 2598 ἐλάχιστον
1490 2511 1634 2596 ὄρυΕ
1661 2511 1952 2595 θήρευμα
1982 2511 2244 2597 θεάτρου

506 2598 756 2660 πόσσων
806 2598 910 2681 μοὶ
950 2600 1269 2662 σκυλάκων
1317 2596 1508 2665 αἴτιος
1553 2596 1678 2658 ἐστὶ
1727 2594 1957 2677 φόνους

429 2768 557 2842 1,1.
589 2764 783 2832 Γνοὺς
825 2765 895 2829 εὖ
938 2767 1184 2848 γελοίης
1226 2767 1333 2847 τὴν
1372 2766 1707 2848 πανήγυριν
1754 2765 2046 2851 Φλώρης,

584 2851 816 2933 τρυφήν
866 2849 935 2912 θ’
984 2851 1219 2934 ἑορτῆς,
1263 2851 1365 2912 καὶ
1401 2850 1468 2912 τὸ
1516 2850 1802 2932 δημοτῶν
1845 2856 2119 2935 στρῆνος,

588 2939 721 3003 πῶς
761 2936 848 3002 εἰς
890 2932 1150 3018 θέατρον
1196 2933 1461 3020 εἰσέβης,
1503 2931 1725 2997 Κάτων
1770 2935 1990 3018 σεμνέ;

590 3023 719 3103 μῶν
768 3018 881 3082 οὐκ
928 3017 1077 3104 ἔβης
1121 3019 1205 3081 δί’
1256 3018 1437 3094 ἄλλο,
1476 3018 1635 3100 πλὴν
1683 3018 1769 3081 ’ἶν’
1803 3019 2109 3104 κέξέλθῃςς

1081 3189 1136 3272 β.
1224 3185 1352 3251 ΕιΣ
1397 3185 1584 3250 ΖΩΑ.

421 3275 592 3348 4,32.
640 3273 744 3336 καὶ
787 3272 960 3351 λάθε,
1005 3275 1106 3335 καὶ
1151 3273 1481 3357 στίλβουσα
1519 3272 1608 3334 δί’
1635 3271 1958 3358 ἠλέκτροιο
1984 3272 2238 3356 μέλισσα

507 3357 806 3441 φαίνεται,
846 3361 932 3425 ὡς
975 3357 1109 3442 ἰδίῳ
1158 3356 1532 3442 σφιγγομένη
1585 3356 1860 3442 σχαδόνι.

418 3446 583 3505 τοῖον
629 3442 965 3504 τοσσατίων
1011 3439 1195 3526 γέρας
1242 3439 1506 3525 ἔλλαχεν
1556 3440 1722 3511 ἄξιον
1770 3439 1989 3526 ἔργων,

506 3525 608 3589 οἶα
650 3527 1014 3610 προαιρεσίῃ
1060 3530 1275 3590 τοῦτον
1323 3526 1555 3589 ἑλοῦσα
1602 3525 1813 3610 μόρον.
