2452 4186
1102 300 1226 360 369

243 469 455 528 Miseri
499 469 769 545 lupinam
812 470 1006 550 patris
1046 470 1316 546 explevit
1356 471 1600 544 famem,

242 555 596 615 Extremam
643 555 870 614 arantis
910 562 1130 612 terram
1181 555 1410 613 Edonis
1459 556 1776 633 hospitem.

242 643 360 700 Ast
403 639 558 697 ultor
607 658 747 696 acer
787 639 999 716 Phryx
1050 640 1217 698 necis
1261 640 1534 698 sororiae

243 725 481 784 Rursus
520 725 815 782 nutricem
861 725 1264 783 continentem
1309 725 1505 782 diruet

242 810 447 867 Parici
494 810 694 886 opaci,
743 810 874 867 iura
915 810 1351 868 sincerissuma

244 895 584 954 Reddentis
632 902 761 951 arte
801 902 1155 952 contumace
1194 895 1500 972 pluribus:
1536 914 1541 918 ·

244 979 576 1038 Lalisionis
625 979 856 1036 aurium
905 980 1009 1055 qui
1051 980 1425 1056 appendices

245 1064 498 1123 Flaccas
539 1064 840 1137 recidens,
883 1072 1149 1140 tempora
1195 1064 1439 1124 ornabit
1481 1082 1613 1136 sua,

248 1150 479 1208 Muscis
529 1150 806 1207 timorem
846 1150 1270 1226 sanguisorbis
1314 1149 1632 1207 adferens:

251 1233 365 1293 Cui
408 1243 627 1292 cuncta
670 1233 969 1311 Phlegrae
1014 1242 1176 1292 terra
1221 1243 1403 1311 capta
1442 1233 1684 1303 serviet,

251 1319 838 1394 Thrambusiumque
881 1319 1138 1392 culmen,
1185 1328 1363 1394 atque
1412 1317 1639 1375 caeruli

249 1405 459 1480 Rupes
504 1404 772 1476 Titonis,
820 1413 998 1479 atque
1048 1403 1371 1463 Sithonum
1414 1402 1653 1480 plagae.

248 1488 715 1562 Palleniumque
752 1490 1050 1565 iugerum,
1097 1490 1261 1563 quod
1307 1488 1589 1564 corniger

250 1575 451 1631 Rumo
501 1574 760 1650 saginat,
803 1574 934 1631 lixa
966 1575 1166 1651 gentis
1213 1573 1471 1631 accolae.

249 1659 475 1717 Multas
520 1660 791 1718 vicissim
839 1660 1168 1717 concitabit
1207 1659 1511 1716 lacrumas

198 1777 203 1782 ι
252 1744 544 1819 Quirinus
592 1752 694 1801 aut
736 1743 1062 1815 GradivuS,
1108 1753 1211 1801 aut
1254 1762 1435 1820 quem
1481 1741 1708 1799 dixeris

248 1829 699 1905 Ligurrientem
738 1837 878 1905 pota
924 1828 1107 1886 caede
1151 1828 1404 1905 praelia.

252 1913 377 1973 Sed
421 1934 548 1971 non
596 1914 867 1988 quiescet
907 1915 997 1972 sic
1040 1932 1264 1990 parens
1309 1911 1672 1982 Promethei,

253 1997 377 2058 Sed
420 2018 531 2075 pro
571 1999 874 2058 universis
917 2000 1124 2073 stirpis
1173 2018 1358 2056 unum
1396 1996 1611 2055 Persei

250 2084 452 2143 Mittet
496 2084 823 2161 gigantem,
871 2086 966 2143 cui
1002 2085 1104 2142 via
1145 2105 1310 2142 mare
1358 2084 1668 2161 hospitum

250 2170 383 2227 Erit
426 2169 716 2245 pedestri,
762 2179 823 2227 et
870 2179 1030 2229 terra
1075 2170 1460 2247 navigabitur
1505 2190 1516 2199 ³

252 2255 479 2313 Tonsis
528 2255 758 2312 secanti
795 2275 952 2313 rura.
998 2263 1140 2312 tunc
1182 2255 1493 2312 Feretriae

249 2339 492 2397 Domus
538 2337 826 2412 Quirinae
869 2347 999 2397 tota
1037 2341 1303 2415 flagrans
1347 2338 1588 2413 ignibus

255 2423 409 2483 Cum
453 2425 825 2482 moeniorum
872 2423 1073 2500 ligneo
1117 2423 1473 2499 procestriO,

251 2510 531 2569 Faunum
578 2509 820 2567 vocabit
860 2510 1056 2584 pestis
1102 2516 1392 2579 autorem,
1438 2524 1725 2582 augurem

254 2594 733 2667 Mendaciorum,
778 2594 1116 2670 Februique
1158 2592 1507 2650 antistitem.

257 2678 615 2753 Crudaeque
662 2681 827 2756 genti
871 2688 1086 2737 cuncta
1127 2678 1446 2736 mandetur
1494 2675 1671 2734 simul

255 2764 567 2842 Deglubta
613 2764 837 2840 duplici
880 2764 1175 2823 delibrato
1223 2764 1441 2820 cortice

256 2852 582 2908 Mansueta
625 2850 829 2907 nutrix
871 2850 1192 2921 fructuum,
1239 2857 1419 2923 atque
1466 2847 1649 2904 arbos
1699 2845 1856 2902 ferat

257 2935 669 2992 Exhaurietur
707 2935 906 2993 omnis
953 2935 1114 2992 unda
1157 2934 1464 2992 fluminum

261 3019 409 3079 Sitis
459 3019 697 3077 calores
744 3020 974 3077 affatim
1018 3019 1527 3096 extinguentium:

257 3104 476 3162 Nubes
522 3105 760 3181 sagittis
803 3105 1036 3162 eminus
1087 3103 1479 3163 stridentibus

263 3188 464 3266 Super
503 3197 683 3266 caput
725 3191 1085 3261 crebrescet,
1135 3198 1315 3263 utque
1362 3185 1701 3246 Cimmerae

264 3275 556 3335 Obnubet
599 3275 845 3331 umbrae
889 3274 1128 3347 squalor
1172 3274 1504 3331 obscurans
1547 3269 1737 3326 iubar.

265 3359 477 3433 Qualis
521 3359 845 3418 Locrensis
891 3379 1009 3435 non
1054 3359 1154 3416 diu
1192 3359 1372 3417 vivax
1413 3374 1579 3425 rosa,

264 3445 343 3503 Et
379 3452 597 3502 cuncta
638 3452 884 3503 vastans
924 3443 1089 3501 velut
1130 3444 1336 3519 aprica
1376 3438 1685 3511 stramina,

263 3530 504 3589 'Rursus
551 3529 776 3587 feretur
815 3530 881 3587 in
925 3529 1115 3607 pedes
1152 3528 1516 3605 reciprocus,

1605 3608 1687 3668 24

2043 470 2212 526 ’1395

2079 899 2215 952 1400

2080 1318 2213 1372 1405

2082 1741 2219 1795 1410

2085 2163 2218 2219 1415

2086 2592 2223 2647 1420

2089 3019 2224 3073 1425

2091 3440 2227 3494 1430
