2452 4186
1067 304 1190 365 24⁵

222 469 464 538 Πάντας
506 469 862 554 φοβεῖσθαι,
903 474 1084 533 πᾶσιν
1121 470 1190 537 ὃς
1229 470 1519 554 φοβερὸς,
1560 470 1786 555 χρεών.

222 553 491 621 Φειδοῦς
537 555 605 617 τὸ
648 552 811 616 λιτόν
851 554 1020 616 ἐστιν
1074 555 1312 621 ἐνδείας
1356 554 1521 622 ἄκος.

213 639 554 721 Ἀρνητιῶν
602 639 912 722 φειδωλὸς
957 638 1132 723 εὗρεν
1174 623 1391 701 αἰτίαν.

220 721 497 807 Ἀρνεῖθ’
550 723 777 807 ἑαυτῷ,
818 723 1175 807 δυσπόριστ’
1218 722 1604 806 αἰτούμενος.

218 806 610 891 Ἀτοπήματ’
655 808 778 870 αἰεὶ
827 807 1049 890 μεγάλ’
1093 807 1484 870 ἀπιστεῖσθαι
1530 809 1719 891 φιλεῖ.

224 891 327 977 Τῷ
373 894 676 975 δυστυχεῖ
716 894 1029 975 κράτιστον
1072 892 1410 977 ἀπράγμων
1458 894 1605 979 βίος.

227 975 420 1041 Οὐδὲν
463 976 755 1061 ἀφελοίη,
798 977 957 1060 πλὴν
1008 976 1157 1060 ὅπερ
1208 976 1463 1054 ἔδωκεν,
1501 978 1679 1062 τύχη.

225 1059 348 1124 Τοῦ
390 1066 500 1124 νοῦ
539 1065 907 1167 κρατοῦντος
948 1060 1171 1145 ὄμματ’
1219 1062 1340 1146 οὐχ
1387 1062 1747 1146 ἁμαρτάνοι.

224 1144 433 1230 Μηδὲν
480 1144 745 1221 σθενείν,
782 1143 907 1207 ἔστι
951 1145 1220 1208 θανόντα
1260 1150 1370 1230 ζῇν
1415 1145 1581 1210 τόδε.

227 1228 354 1294 Οὔκ
395 1230 553 1293 ἴδιον
600 1232 757 1313 ἡγοῦ
793 1229 861 1293 τό
904 1253 975 1313 γε
1018 1232 1297 1315 πεφυκὸς
1340 1231 1421 1314 μὴ
1468 1231 1691 1314 μένειν.

226 1311 301 1377 Τί
336 1313 579 1418 α’ίσχιον
616 1313 907 1398 γέροντος
953 1314 1021 1383 ὃς
1061 1319 1170 1398 ζῇν
1220 1314 1509 1399 ἅρχεταις

223 1396 323 1462 Ἔν
368 1399 740 1484 ἁψιμαχίαις
782 1400 821 1481 ἢ
874 1400 1138 1484 ἀκρίβει’
1188 1399 1522 1463 ὀλισθάνει.

229 1481 277 1545 Ω
325 1482 510 1567 ρῆγμ’
557 1483 851 1559 ὕποπτον,
896 1483 1011 1546 οὐκ
1056 1485 1346 1568 ἐρειπίοις
1389 1484 1591 1547 θάνοι.

232 1563 357 1629 Οὐκ
409 1567 675 1652 εὐτυχὴς
719 1566 859 1630 ἔσθ’
911 1568 1073 1637 ὅστις
1112 1570 1232 1654 οὐχ
1279 1569 1449 1654 αὑτῷ
1487 1570 1676 1632 δοκεῖ.

231 1648 357 1715 Οὐκ
400 1652 663 1734 ἀγαθὸν,
710 1652 866 1716 εἶναι
907 1658 1016 1715 τοῦ
1057 1657 1254 1716 κακοῦ
1303 1654 1578 1736 κρείττω,
1617 1657 1815 1717 καλῶ.

226 1733 588 1844 Ἐλάχιστον
639 1736 754 1799 οὐκ
799 1736 954 1800 ἔσθ’“
983 1738 1133 1822 ὅπερ
1181 1737 1434 1801 ἔλαττον
1485 1738 1779 1802 ἀπλέτου.

232 1817 357 1885 Οὐκ
399 1845 527 1885 εστι
579 1822 653 1905 δή
706 1844 835 1897 σον,
882 1822 1026 1885 ὅσον
1068 1823 1311 1906 ἐποίησ’
1353 1824 1392 1902 ἡ
1429 1821 1606 1928 τύχη.

232 1902 312 1967 Τύ
359 1929 455 1968 σοι
497 1908 980 1987 δυσαγκάλιστον
1032 1907 1245 1975 ἐπίθες
1287 1908 1521 1991 μηδενι.

233 1985 423 2052 Οὐδὲν
465 1991 609 2075 μέγ’
662 1991 810 2069 ἐστὶ,
850 1992 1008 2075 πλὴν
1058 1992 1435 2075 ἀμίσθωτον,
1482 1992 1692 2059 κακόν.

234 2070 424 2138 Οὐδὲν
467 2080 731 2139 τοσοῦτο
772 2075 1013 2160 κέρδος,
1054 2081 1140 2145 ὡς
1183 2077 1402 2162 φειδὼ,
1444 2075 1644 2141 πέλοι.

226 2157 593 2228 Ἀκινδύνως
636 2159 750 2224 οὐκ
787 2159 913 2224 ἔστι
951 2161 1234 2224 κινδύνου
1277 2166 1541 2244 κρατεῖν.

234 2240 319 2307 Οὐ
369 2249 497 2314 τοῖς
542 2251 846 2327 παροῦσιν
896 2246 1066 2314 ἐλπὶς
1109 2247 1385 2329 ἀρκεῖται
1426 2247 1606 2331 κακή.

235 2324 361 2390 Οὐκ
402 2330 666 2415 ἀτρεμεῖ
699 2329 848 2391 πόθ’
896 2332 935 2412 ἡ
983 2331 1326 2413 συνείδησις
1363 2331 1544 2412 κακή.

234 2409 615 2500 Πειθαρχίας
652 2415 721 2477 τὸ
762 2416 947 2482 κῦδος
996 2415 1232 2476 ἰσοῦται
1273 2415 1499 2496 κράτει.

233 2493 433 2580 Μέρος
472 2501 748 2584 χάριτος,
796 2500 1063 2562 αἰτοῦσιν
1113 2498 1436 2581 ἀρνεῖσθαι
1473 2499 1649 2583 ταχύ.

234 2576 386 2665 Νικᾷ
432 2585 513 2646 δί’
569 2581 756 2646 αἰῶν’
800 2585 840 2665 ἡ
888 2583 1321 2668 φιλοικτίρμων
1369 2582 1566 2666 φύσις.

235 2659 447 2750 Κίμβιξ
492 2668 1002 2753 ἀφῆλιξμακρὸν
1044 2668 1117 2731 οὐ
1169 2669 1482 2755 βιώσεται.

235 2743 529 2834 Καθαρὰς
567 2754 636 2815 τὸ
685 2752 856 2814 θεῖον
901 2757 1137 2838 χεῖρας,
1182 2751 1256 2814 οὐ
1301 2753 1558 2836 πλήρεις
1597 2755 1832 2816 σκοπεῖ.

224 2824 361 2895 ‘'Oo'
406 2836 531 2900 ἐστὶ
576 2837 984 2921 μεταμελητέ’
1036 2839 1097 2900 ἐν
1148 2842 1367 2922 μακρῷ
1412 2836 1564 2923 βίῳί

232 2913 338 2985 Ὣς
378 2920 577 2984 οἶκτον
619 2923 781 2984 αἰτεῖ
818 2923 899 3006 μή
943 2923 1081 2984 ποτ’
1116 2923 1382 2990 οἰκτίσας
1423 2924 1651 3006 πάροςῐ

240 2995 455 3074 Οὐδεὶς
489 3007 550 3070 τί
589 3006 847 3070 δύναταί
881 3006 943 3088 γ’
990 3005 1144 3081 οἶδε,
1185 3007 1342 3090 πλὴν
1388 3011 1606 3088 πεῖραν
1660 3007 1904 3091 λαβώνῑ

223 3078 336 3147 Ὧν
379 3092 592 3174 πρᾶξις
638 3090 886 3176 αἰσχρὰ,
934 3092 1015 3174 μὴ
1065 3091 1235 3154 δόκει
1280 3088 1417 3155 τάδ’
1459 3090 1753 3196 εὔστομα.

233 3165 339 3239 Ὣς
374 3177 693 3259 προπετὲς,
739 3177 859 3239 ἅπε
913 3175 1059 3238 οὐκ
1102 3174 1300 3254 οἶδας,
1345 3176 1587 3238 ἀθετεῖν
1631 3197 1866 3259 ακριτα.

223 3248 305 3317 t‘O
347 3259 585 3337 ποθεῖς,
628 3259 798 3346 ἔχοις
839 3200 935 3337 ἔν,
976 3261 1052 3344 ἢν
1094 3258 1161 3322 τό
1201 3260 1259 3342 γ’
1306 3259 1566 3345 ἀρκέσον
1607 3259 1830 3344 ποθῇς.

234 3335 364 3403 Ἀεὶ
410 3345 712 3430 φοβηθεὶς
755 3347 1023 3430 κρίνεται
1063 3342 1216 3407 καθ>
1263 3345 1526 3431 ἡμέραν.

239 3417 368 3487 Ἀεὶ
405 3432 631 3494 κακίων
674 3432 714 3512 ἠ
762 3430 1026 3494 ἐπιοῦσα
1065 3433 1172 3513 τῆς
1212 3433 1466 3513 προτοῦ.

243 3500 316 3568 Εἰ
359 3510 431 3573 τὰ
473 3516 608 3578 κάκ’
660 3517 793 3578 ὀνεῖ
827 3516 918 3592 σὲ,
962 3516 1353 3601 πλημμελεῖς
1387 3517 1582 3577 ποιῶν
1631 3514 1812 3578 καλά.
