2452 4186
1243 277 1323 336 9-6

368 445 565 517 Adde,
608 445 771 520 quod
809 445 1105 522 ingenuae
1152 447 1372 506 mentis
1417 467 1541 505 non
1589 446 1800 505 ultima
1843 466 2047 509 mores

453 531 619 589 Inter
655 530 931 589 sinceros
981 534 1244 605 praemia
1288 533 1513 591 candor
1556 532 1753 590 habet.

372 614 621 687 Contra,
654 616 936 677 ,mordaci
980 634 1316 691 quenquam
1360 617 1723 693 distringere
1763 617 1969 694 lingua

454 700 570 758 Est
611 700 794 757 animi
842 701 1014 777 nigro
1058 701 1201 759 felle
1247 701 1543 760 madentis
1590 720 1764 776 opus.

370 783 559 843 Nulla
600 785 910 843 venenatis
955 786 1182 844 salibus
1226 787 1336 845 tibi
1377 787 1594 863 pagina
1639 787 1825 845 tincta
1871 778 1988 860 est,

456 868 592 928 Nec
631 870 800 927 dedit
832 870 1090 930 infames
1131 872 1338 949 lingua
1381 880 1661 946 proterva
1696 873 1892 931 iocos.

371 952 528 1027 Nec,
573 974 724 1030 quae
764 973 862 1013 res
903 975 1057 1014 aevo
1098 977 1221 1015 non
1271 965 1365 1015 est
1409 957 1715 1033 incognita
1757 966 1999 1034 nostre,

314 1036 317 1037 ⁷
462 1038 775 1100 Strinxisti
830 1040 894 1099 in
943 1040 1214 1099 celebres
1259 1042 1441 1116 impia
1489 1042 1671 1099 verba
1709 1040 1893 1101 viros.
1943 1104 1946 1111 f

371 1126 511 1183 Iure
555 1124 736 1201 igitur
772 1125 1097 1199 querimur,
1140 1135 1198 1183 te
1239 1126 1369 1185 iure
1412 1126 1688 1185 dolemus
1725 1127 2090 1206 ademptum,

461 1209 679 1270 Omnis
724 1218 783 1271 et
822 1210 886 1267 in
929 1220 1155 1285 partem
1200 1213 1375 1269 turba
1414 1211 1644 1270 doloris
1685 1211 1877 1286 adest,

372 1296 452 1353 Et
491 1295 706 1354 miscet
745 1296 1026 1372 gemitu8‚
1073 1305 1133 1353 et
1183 1297 1365 1354 verba
1399 1296 1710 1371 querentis
1750 1297 1970 1373 fundit,

459 1380 585 1439 Pro
630 1390 832 1437 tamen
884 1387 1090 1456 erepto
1137 1401 1260 1439 non
1311 1380 1567 1439 valitura
1613 1381 1765 1439 viro,

377 1466 496 1525 Hei
538 1465 686 1522 mihi
732 1484 909 1538 quam
954 1466 1139 1524 celeri
1183 1474 1387 1524 versat
1422 1466 1552 1525 fors
1599 1467 1802 1524 omnia
1840 1465 2037 1542 lapsu,

461 1549 653 1623 Quam
698 1550 908 1624 rapido
958 1552 1188 1611 subitas
1231 1551 1447 1627 alterat
1490 1552 1638 1609 orbe
1682 1551 1865 1612 vices,

373 1638 461 1708 Is,
505 1635 689 1693 modo
733 1653 913 1708 quem
954 1634 1213 1693 validum
1268 1635 1480 1693 faciles
1527 1635 1788 1708 vidistis,
1831 1637 2033 1713 amici,

330 1782 331 1785 Ἴ
459 1720 539 1777 Et
585 1719 678 1776 cui
725 1737 837 1776 nec
884 1719 1100 1779 dubius
1144 1721 1407 1778 tinxerat
1447 1739 1552 1778 ora
1600 1720 1795 1794 color,

375 1805 555 1864 Hunc
597 1804 847 1879 inopina
892 1805 1095 1864 brevis
1141 1805 1297 1880 rapit
1338 1804 1722 1864 inclementia
1759 1807 1979 1879 morbi,

458 1892 658 1963 Atque
704 1896 818 1961 est,
864 1890 1027 1964 quod
1069 1890 1294 1948 feretro
1334 1890 1507 1948 triste
1547 1890 1779 1949 levatur
1825 1909 2001 1951 onus.

376 1975 431 2035 O
473 1975 696 2033 festina
737 1974 892 2045 dies,
936 1994 972 2032 o
1022 1994 1225 2034 rerum
1268 1975 1534 2035 lubricus
1581 1976 1751 2034 ordo.

461 2060 517 2120 Ο
566 2059 817 2118 nimium
866 2079 1127 2136 propero
1171 2078 1339 2119 mors
1387 2060 1645 2120 celerata
1686 2059 1897 2138 gradu.

375 2148 475 2206 Me
513 2146 825 2216 miserum,
863 2164 984 2218 quo
1028 2165 1145 2204 nos
1190 2164 1494 2220 nunquam
1541 2146 1805 2205 rediture
1846 2148 2168 2225 relinquis.

459 2228 594 2288 Nec
640 2248 840 2303 prece,
879 2229 1082 2288 votiva
1120 2249 1234 2287 nec
1272 2232 1652 2290 revocandus
1704 2233 1863 2307 ope?

376 2315 468 2375 Te
507 2315 771 2372 retinent
812 2314 1003 2372 civem
1050 2316 1294 2392 cognati
1338 2316 1540 2374 sidera
1582 2316 1755 2390 caeli,

461 2401 540 2459 Et
584 2420 709 2458 non
749 2400 1081 2461 turbandae
1124 2401 1290 2476 pacis
1334 2401 1527 2460 amica
1562 2401 1756 2475 quies.

375 2487 513 2548 Nos
560 2486 741 2542 habet
782 2484 843 2541 in
889 2485 1090 2546 varios
1131 2506 1331 2544 rerum
1377 2486 1648 2544 districta
1691 2486 2003 2557 tumultus,

457 2572 649 2648 Inque
693 2570 985 2632 catenatis
1037 2570 1158 2630 vita
1188 2571 1490 2630 *trahenda
1534 2570 1730 2630 malis.

376 2655 498 2714 Hic
534 2655 637 2713 ubi
682 2671 794 2712 nec
830 2656 1093 2730 requies,
1140 2675 1254 2715 nec
1293 2675 1445 2731 quae
1478 2656 1595 2718 sibi
1624 2655 1879 2730 quisque
1902 2663 2214 2733 precatur,

463 2739 893 2816 Sollicitaeque
932 2740 1137 2799 levant
1178 2742 1305 2800 otia
1344 2741 1564 2799 mentis
1612 2758 1786 2799 onus.

379 2825 522 2885 Otia
565 2824 874 2884 Pieridum
918 2825 1109 2887 sacris
1154 2826 1502 2885 secessibus
1547 2833 1710 2900 apta,

464 2909 605 2971 Otia
651 2911 993 2970 numinibus
1035 2929 1276 2986 semper
1315 2917 1513 2968 amata
1554 2906 1694 2968 tuis.
1873 2961 1876 2964 ,

375 2996 499 3055 Pro
544 2996 762 3070 quibus
806 2996 1022 3053 insano
1063 2996 1319 3054 reboant
1363 2989 1677 3056 molimine
1720 2992 1888 3068 lime,

462 3083 543 3141 Et
588 3080 817 3140 clamor
860 3081 1116 3154 strepeti
1159 3090 1336 3140 natus
1378 3081 1454 3139 ad
1495 3099 1661 3138 arma
1703 3078 1855 3139 fori:

376 3164 501 3240 Qui
541 3165 754 3239 procul
794 3166 1068 3226 Aonidas
1114 3165 1426 3226 hominum
1479 3165 1553 3222 de
1600 3173 1802 3224 mente
1844 3162 2077 3239 fugavit

462 3250 778 3312 Instiuans
814 3249 966 3309 lucri
1009 3250 1229 3309 blanda
1271 3269 1503 3309 venena
1542 3249 1668 3309 sui:

376 3336 786 3413 Ingenuisque
823 3335 1039 3394 animis
1076 3337 1330 3416 ignavas·
1371 3334 1579 3396 obiicit
1610 3342 1796 3405 aneo,

467 3419 668 3495 Seque
714 3438 939 3482 vocans
987 3422 1234 3481 humilis
1281 3420 1547 3478 carmina
1597 3418 1819 3477 mentis
1859 3432 2035 3492 opus.

378 3504 543 3566 Hinc
586 3506 835 3581 spinosa
868 3506 997 3570 suis
1044 3514 1273 3566 armata
1315 3503 1662 3581 sophistica
1704 3501 1883 3581 nugis
