<?xml version="1.0" encoding="UTF-8"?>
<!DOCTYPE html PUBLIC "-//W3C//DTD XHTML 1.0 Transitional//EN"
    "http://www.w3.org/TR/xhtml1/DTD/xhtml1-transitional.dtd">
<html xmlns="http://www.w3.org/1999/xhtml" xml:lang="en" lang="en">
 <head>
  <title>
</title>
<meta http-equiv="Content-Type" content="text/html;charset=utf-8" />
  <meta name='ocr-system' content='tesseract 3.04.00' />
  <meta name='ocr-capabilities' content='ocr_page ocr_carea ocr_par ocr_line ocrx_word'/>
</head>
<body>
  <div class='ocr_page' id='page_1' title='image "./iosephiscaliger02scalgoog/iosephiscaliger02scalgoog_0087.png"; bbox 0 0 2452 4186; ppageno 0'>
   <div class='ocr_carea' id='block_1_1' title="bbox 1121 319 1200 378">
    <p class='ocr_par' dir='ltr' id='par_1_1' title="bbox 1121 319 1200 378">
     <span class='ocr_line' id='line_1_1' title="bbox 1121 319 1200 378; baseline -0.013 0"><span class='ocrx_word' id='word_1_1' title='bbox 1121 319 1200 378; x_wconf 86' lang='grc'><strong>87</strong></span> 
     </span>
    </p>
   </div>
   <div class='ocr_carea' id='block_1_2' title="bbox 1013 406 1313 413">
    <p class='ocr_par' dir='ltr' id='par_1_2' title="bbox 1013 406 1313 413">
     <span class='ocr_line' id='line_1_2' title="bbox 1013 406 1313 413; baseline 0 0"><span class='ocrx_word' id='word_1_2' title='bbox 1013 406 1313 413; x_wconf 95' lang='lat' dir='ltr'><strong> </strong></span> 
     </span>
    </p>
   </div>
   <div class='ocr_carea' id='block_1_3' title="bbox 220 486 2084 3626">
    <p class='ocr_par' dir='ltr' id='par_1_3' title="bbox 237 486 1904 734">
     <span class='ocr_line' id='line_1_3' title="bbox 237 486 1904 563; baseline -0.001 -17"><span class='ocrx_word' id='word_1_3' title='bbox 237 486 407 561; x_wconf 79' lang='lat' dir='ltr'><strong>Quas</strong></span> <span class='ocrx_word' id='word_1_4' title='bbox 446 487 807 563; x_wconf 88' lang='lat' dir='ltr'><strong>complexus</strong></span> <span class='ocrx_word' id='word_1_5' title='bbox 859 505 992 545; x_wconf 86' lang='lat' dir='ltr'><strong>eras</strong></span> <span class='ocrx_word' id='word_1_6' title='bbox 1038 489 1367 563; x_wconf 79' lang='lat' dir='ltr'><strong>praestanti</strong></span> <span class='ocrx_word' id='word_1_7' title='bbox 1411 507 1667 563; x_wconf 85' lang='lat' dir='ltr'><strong>corpore</strong></span> <span class='ocrx_word' id='word_1_8' title='bbox 1711 488 1904 548; x_wconf 86' lang='lat' dir='ltr'><strong>dotes.</strong></span> 
     </span>
     <span class='ocr_line' id='line_1_4' title="bbox 238 571 1862 651; baseline 0 -20"><span class='ocrx_word' id='word_1_9' title='bbox 238 573 484 648; x_wconf 80' lang='lat' dir='ltr'>Quodsi</span> <span class='ocrx_word' id='word_1_10' title='bbox 524 573 665 647; x_wconf 87' lang='lat' dir='ltr'><strong>quis</strong></span> <span class='ocrx_word' id='word_1_11' title='bbox 709 571 955 629; x_wconf 89' lang='lat' dir='ltr'><strong>laudare</strong></span> <span class='ocrx_word' id='word_1_12' title='bbox 999 573 1147 632; x_wconf 89' lang='lat' dir='ltr'><strong>velit</strong></span> <span class='ocrx_word' id='word_1_13' title='bbox 1192 574 1520 648; x_wconf 77' lang='lat' dir='ltr'><strong>patriamve</strong></span> <span class='ocrx_word' id='word_1_14' title='bbox 1566 593 1862 651; x_wconf 84' lang='lat' dir='ltr'><strong>genusve,</strong></span> 
     </span>
     <span class='ocr_line' id='line_1_5' title="bbox 237 658 1813 734; baseline 0 -17"><span class='ocrx_word' id='word_1_15' title='bbox 237 659 507 717; x_wconf 87' lang='lat' dir='ltr'><strong>Moverit</strong></span> <span class='ocrx_word' id='word_1_16' title='bbox 543 658 885 734; x_wconf 84' lang='lat' dir='ltr'><strong>ambiguam</strong></span> <span class='ocrx_word' id='word_1_17' title='bbox 934 659 1118 717; x_wconf 90' lang='lat' dir='ltr'><strong>dubio</strong></span> <span class='ocrx_word' id='word_1_18' title='bbox 1166 658 1491 716; x_wconf 80' lang='lat' dir='ltr'><strong>certamine</strong></span> <span class='ocrx_word' id='word_1_19' title='bbox 1536 658 1813 733; x_wconf 87' lang='lat' dir='ltr'><strong>palmam.</strong></span> 
     </span>
    </p>

    <p class='ocr_par' dir='ltr' id='par_1_4' title="bbox 234 743 1884 818">
     <span class='ocr_line' id='line_1_6' title="bbox 234 743 1884 818; baseline -0.001 -16"><span class='ocrx_word' id='word_1_20' title='bbox 234 743 402 802; x_wconf 86' lang='lat' dir='ltr'><strong>Nam</strong></span> <span class='ocrx_word' id='word_1_21' title='bbox 446 762 601 818; x_wconf 89' lang='lat' dir='ltr'><strong>quae</strong></span> <span class='ocrx_word' id='word_1_22' title='bbox 649 743 787 800; x_wconf 89' lang='lat' dir='ltr'><strong>diva</strong></span> <span class='ocrx_word' id='word_1_23' title='bbox 829 751 966 803; x_wconf 89' lang='lat' dir='ltr'><strong>tuas</strong></span> <span class='ocrx_word' id='word_1_24' title='bbox 1004 763 1341 802; x_wconf 88' lang='lat' dir='ltr'><strong>memorare</strong></span> <span class='ocrx_word' id='word_1_25' title='bbox 1378 743 1629 800; x_wconf 88' lang='lat' dir='ltr'><strong>Batavia</strong></span> <span class='ocrx_word' id='word_1_26' title='bbox 1670 744 1884 802; x_wconf 86' lang='lat' dir='ltr'><strong>laudes</strong></span> 
     </span>
    </p>

    <p class='ocr_par' dir='ltr' id='par_1_5' title="bbox 236 828 1860 1072">
     <span class='ocr_line' id='line_1_7' title="bbox 236 828 1803 903; baseline -0.001 -17"><span class='ocrx_word' id='word_1_27' title='bbox 236 829 352 888; x_wconf 88' lang='lat' dir='ltr'><strong>Vis</strong></span> <span class='ocrx_word' id='word_1_28' title='bbox 392 829 657 885; x_wconf 89' lang='lat' dir='ltr'><strong>humana</strong></span> <span class='ocrx_word' id='word_1_29' title='bbox 691 828 907 903; x_wconf 78' lang='lat' dir='ltr'><strong>queat?</strong></span> <span class='ocrx_word' id='word_1_30' title='bbox 945 828 1289 887; x_wconf 90' lang='lat' dir='ltr'><strong>Primordia</strong></span> <span class='ocrx_word' id='word_1_31' title='bbox 1325 847 1617 903; x_wconf 84' lang='lat' dir='ltr'><strong>quaerere</strong></span> <span class='ocrx_word' id='word_1_32' title='bbox 1667 829 1803 887; x_wconf 81' lang='lat' dir='ltr'><strong>voci</strong></span> 
     </span>
     <span class='ocr_line' id='line_1_8' title="bbox 239 911 1860 973; baseline 0 -1"><span class='ocrx_word' id='word_1_33' title='bbox 239 911 584 972; x_wconf 86' lang='lat' dir='ltr'><strong>Conantem</strong></span> <span class='ocrx_word' id='word_1_34' title='bbox 623 913 688 970; x_wconf 91' lang='lat' dir='ltr'><strong>in</strong></span> <span class='ocrx_word' id='word_1_35' title='bbox 733 913 935 972; x_wconf 87' lang='lat' dir='ltr'><strong>varios</strong></span> <span class='ocrx_word' id='word_1_36' title='bbox 977 915 1280 972; x_wconf 88' lang='lat' dir='ltr'><strong>sententia</strong></span> <span class='ocrx_word' id='word_1_37' title='bbox 1320 914 1614 972; x_wconf 81' lang='lat' dir='ltr'><strong>distrahet</strong></span> <span class='ocrx_word' id='word_1_38' title='bbox 1650 933 1860 973; x_wconf 83' lang='lat' dir='ltr'><strong>orsus:</strong></span> 
     </span>
     <span class='ocr_line' id='line_1_9' title="bbox 236 998 1672 1072; baseline 0.001 -16"><span class='ocrx_word' id='word_1_39' title='bbox 236 999 603 1058; x_wconf 67' lang='lat' dir='ltr'><strong>Iustitiaene</strong></span> <span class='ocrx_word' id='word_1_40' title='bbox 646 998 812 1072; x_wconf 89' lang='lat' dir='ltr'><strong>prius</strong></span> <span class='ocrx_word' id='word_1_41' title='bbox 851 999 1094 1071; x_wconf 84' lang='lat' dir='ltr'><strong>referat,</strong></span> <span class='ocrx_word' id='word_1_42' title='bbox 1138 999 1361 1057; x_wconf 87' lang='lat' dir='ltr'><strong>bellive</strong></span> <span class='ocrx_word' id='word_1_43' title='bbox 1404 999 1672 1072; x_wconf 79' lang='lat' dir='ltr'><strong>labores,</strong></span> 
     </span>
    </p>

    <p class='ocr_par' dir='ltr' id='par_1_6' title="bbox 237 1083 1609 1157">
     <span class='ocr_line' id='line_1_10' title="bbox 237 1083 1609 1157; baseline -0.001 -15"><span class='ocrx_word' id='word_1_44' title='bbox 237 1083 438 1142; x_wconf 87' lang='lat' dir='ltr'><strong>Exilii</strong></span> <span class='ocrx_word' id='word_1_45' title='bbox 485 1083 694 1142; x_wconf 77' lang='lat' dir='ltr'><strong>dulces</strong></span> <span class='ocrx_word' id='word_1_46' title='bbox 729 1091 960 1157; x_wconf 77' lang='lat' dir='ltr'><strong>portus,</strong></span> <span class='ocrx_word' id='word_1_47' title='bbox 1008 1092 1069 1140; x_wconf 90' lang='lat' dir='ltr'><strong>et</strong></span> <span class='ocrx_word' id='word_1_48' title='bbox 1112 1084 1357 1143; x_wconf 88' lang='lat' dir='ltr'><strong>moenia</strong></span> <span class='ocrx_word' id='word_1_49' title='bbox 1401 1084 1609 1141; x_wconf 89' lang='lat' dir='ltr'><strong>mundi</strong></span> 
     </span>
    </p>

    <p class='ocr_par' dir='ltr' id='par_1_7' title="bbox 239 1168 1942 1326">
     <span class='ocr_line' id='line_1_11' title="bbox 239 1168 1942 1246; baseline -0.002 -19"><span class='ocrx_word' id='word_1_50' title='bbox 239 1169 537 1245; x_wconf 87' lang='lat' dir='ltr'><strong>Hospita,</strong></span> <span class='ocrx_word' id='word_1_51' title='bbox 576 1177 704 1226; x_wconf 88' lang='lat' dir='ltr'><strong>tuta</strong></span> <span class='ocrx_word' id='word_1_52' title='bbox 752 1168 931 1226; x_wconf 88' lang='lat' dir='ltr'><strong>bonis</strong></span> <span class='ocrx_word' id='word_1_53' title='bbox 979 1170 1089 1227; x_wconf 89' lang='lat' dir='ltr'><strong>sub</strong></span> <span class='ocrx_word' id='word_1_54' title='bbox 1137 1169 1396 1246; x_wconf 88' lang='lat' dir='ltr'><strong>legibus.</strong></span> <span class='ocrx_word' id='word_1_55' title='bbox 1436 1169 1661 1229; x_wconf 89' lang='lat' dir='ltr'><strong>Omnia</strong></span> <span class='ocrx_word' id='word_1_56' title='bbox 1705 1186 1942 1244; x_wconf 83' lang='lat' dir='ltr'><strong>magna,</strong></span> 
     </span>
     <span class='ocr_line' id='line_1_12' title="bbox 243 1254 1735 1326; baseline -0.003 -12"><span class='ocrx_word' id='word_1_57' title='bbox 243 1254 503 1314; x_wconf 86' lang='lat' dir='ltr'><strong>Omnia:</strong></span> <span class='ocrx_word' id='word_1_58' title='bbox 551 1254 659 1312; x_wconf 90' lang='lat' dir='ltr'><strong>sed</strong></span> <span class='ocrx_word' id='word_1_59' title='bbox 704 1254 901 1311; x_wconf 90' lang='lat' dir='ltr'><strong>maius</strong></span> <span class='ocrx_word' id='word_1_60' title='bbox 945 1254 1184 1311; x_wconf 90' lang='lat' dir='ltr'><strong>censeri</strong></span> <span class='ocrx_word' id='word_1_61' title='bbox 1224 1254 1403 1311; x_wconf 84' lang='lat' dir='ltr'><strong>laude</strong></span> <span class='ocrx_word' id='word_1_62' title='bbox 1450 1255 1735 1326; x_wconf 78' lang='lat' dir='ltr'><strong>virorum,</strong></span> 
     </span>
    </p>

    <p class='ocr_par' dir='ltr' id='par_1_8' title="bbox 240 1338 2079 1925">
     <span class='ocr_line' id='line_1_13' title="bbox 247 1338 2078 1416; baseline 0 -21"><span class='ocrx_word' id='word_1_63' title='bbox 247 1339 426 1414; x_wconf 82' lang='lat' dir='ltr'><strong>Quos</strong></span> <span class='ocrx_word' id='word_1_64' title='bbox 472 1357 753 1416; x_wconf 74' lang='lat' dir='ltr'><strong>geum-ae,</strong></span> <span class='ocrx_word' id='word_1_65' title='bbox 799 1339 1111 1397; x_wconf 90' lang='lat' dir='ltr'><strong>hominum</strong></span> <span class='ocrx_word' id='word_1_66' title='bbox 1155 1339 1493 1397; x_wconf 89' lang='lat' dir='ltr'><strong>iustissima</strong></span> <span class='ocrx_word' id='word_1_67' title='bbox 1527 1346 1739 1410; x_wconf 84' lang='lat' dir='ltr'><strong>mater,</strong></span> <span class='ocrx_word' id='word_1_68' title='bbox 1774 1338 2078 1410; x_wconf 82' lang='lat' dir='ltr'><strong>alumnos,</strong></span> 
     </span>
     <span class='ocr_line' id='line_1_14' title="bbox 242 1423 1629 1500; baseline 0 -20"><span class='ocrx_word' id='word_1_69' title='bbox 242 1424 415 1481; x_wconf 89' lang='lat' dir='ltr'><strong>Inter</strong></span> <span class='ocrx_word' id='word_1_70' title='bbox 459 1443 616 1498; x_wconf 92' lang='lat' dir='ltr'><strong>quos</strong></span> <span class='ocrx_word' id='word_1_71' title='bbox 661 1423 808 1480; x_wconf 86' lang='lat' dir='ltr'><strong>clari</strong></span> <span class='ocrx_word' id='word_1_72' title='bbox 845 1424 1139 1500; x_wconf 85' lang='lat' dir='ltr'><strong>fulgentia</strong></span> <span class='ocrx_word' id='word_1_73' title='bbox 1179 1423 1381 1482; x_wconf 85' lang='lat' dir='ltr'><strong>sidera</strong></span> <span class='ocrx_word' id='word_1_74' title='bbox 1424 1424 1629 1481; x_wconf 89' lang='lat' dir='ltr'><strong>lucent</strong></span> 
     </span>
     <span class='ocr_line' id='line_1_15' title="bbox 242 1508 1866 1582; baseline -0.001 -16"><span class='ocrx_word' id='word_1_75' title='bbox 242 1508 624 1582; x_wconf 80' lang='lat' dir='ltr'><strong>Dousiadae.,</strong></span> <span class='ocrx_word' id='word_1_76' title='bbox 668 1508 898 1566; x_wconf 88' lang='lat' dir='ltr'><strong>faculas</strong></span> <span class='ocrx_word' id='word_1_77' title='bbox 951 1509 1115 1566; x_wconf 84' lang='lat' dir='ltr'><strong>velut</strong></span> <span class='ocrx_word' id='word_1_78' title='bbox 1156 1509 1315 1566; x_wconf 90' lang='lat' dir='ltr'><strong>inter</strong></span> <span class='ocrx_word' id='word_1_79' title='bbox 1357 1509 1532 1566; x_wconf 90' lang='lat' dir='ltr'><strong>Luna</strong></span> <span class='ocrx_word' id='word_1_80' title='bbox 1578 1509 1866 1566; x_wconf 87' lang='lat' dir='ltr'><strong>minores.</strong></span> 
     </span>
     <span class='ocr_line' id='line_1_16' title="bbox 240 1593 2079 1669; baseline -0.002 -18"><span class='ocrx_word' id='word_1_81' title='bbox 240 1593 509 1669; x_wconf 87' lang='lat' dir='ltr'><strong>Nanque</strong></span> <span class='ocrx_word' id='word_1_82' title='bbox 550 1602 717 1651; x_wconf 87' lang='lat' dir='ltr'><strong>tuum</strong></span> <span class='ocrx_word' id='word_1_83' title='bbox 756 1593 939 1652; x_wconf 88' lang='lat' dir='ltr'><strong>decus</strong></span> <span class='ocrx_word' id='word_1_84' title='bbox 985 1614 1166 1651; x_wconf 89' lang='lat' dir='ltr'><strong>omne</strong></span> <span class='ocrx_word' id='word_1_85' title='bbox 1211 1594 1330 1652; x_wconf 84' lang='lat' dir='ltr'><strong>tui:</strong></span> <span class='ocrx_word' id='word_1_86' title='bbox 1387 1594 1571 1652; x_wconf 89' lang='lat' dir='ltr'><strong>decus</strong></span> <span class='ocrx_word' id='word_1_87' title='bbox 1621 1612 1800 1650; x_wconf 87' lang='lat' dir='ltr'><strong>omne</strong></span> <span class='ocrx_word' id='word_1_88' title='bbox 1839 1601 2079 1650; x_wconf 89' lang='lat' dir='ltr'><strong>tuorum</strong></span> 
     </span>
     <span class='ocr_line' id='line_1_17' title="bbox 242 1677 1821 1739; baseline -0.001 -3"><span class='ocrx_word' id='word_1_89' title='bbox 242 1678 623 1738; x_wconf 88' lang='lat' dir='ltr'><strong>Dousiadae.</strong></span> <span class='ocrx_word' id='word_1_90' title='bbox 672 1677 875 1738; x_wconf 88' lang='lat' dir='ltr'><strong>Semel</strong></span> <span class='ocrx_word' id='word_1_91' title='bbox 920 1699 1041 1736; x_wconf 90' lang='lat' dir='ltr'><strong>una</strong></span> <span class='ocrx_word' id='word_1_92' title='bbox 1078 1679 1237 1739; x_wconf 87' lang='lat' dir='ltr'><strong>alios</strong></span> <span class='ocrx_word' id='word_1_93' title='bbox 1288 1678 1506 1736; x_wconf 84' lang='lat' dir='ltr'><strong>natalis</strong></span> <span class='ocrx_word' id='word_1_94' title='bbox 1556 1678 1821 1737; x_wconf 86' lang='lat' dir='ltr'><strong>honorat</strong></span> 
     </span>
     <span class='ocr_line' id='line_1_18' title="bbox 241 1763 1830 1840; baseline -0.001 -18"><span class='ocrx_word' id='word_1_95' title='bbox 241 1763 589 1823; x_wconf 83' lang='lat' dir='ltr'><strong>Nobilitas:</strong></span> <span class='ocrx_word' id='word_1_96' title='bbox 633 1764 751 1821; x_wconf 89' lang='lat' dir='ltr'><strong>His</strong></span> <span class='ocrx_word' id='word_1_97' title='bbox 792 1764 1184 1840; x_wconf 86' lang='lat' dir='ltr'><strong>omniparens</strong></span> <span class='ocrx_word' id='word_1_98' title='bbox 1228 1763 1465 1822; x_wconf 87' lang='lat' dir='ltr'><strong>Natura</strong></span> <span class='ocrx_word' id='word_1_99' title='bbox 1505 1764 1830 1838; x_wconf 88' lang='lat' dir='ltr'><strong>quotannis</strong></span> 
     </span>
     <span class='ocr_line' id='line_1_19' title="bbox 240 1848 1501 1925; baseline -0.001 -20"><span class='ocrx_word' id='word_1_100' title='bbox 240 1849 484 1925; x_wconf 88' lang='lat' dir='ltr'><strong>Ingenii</strong></span> <span class='ocrx_word' id='word_1_101' title='bbox 532 1849 694 1906; x_wconf 90' lang='lat' dir='ltr'><strong>clara</strong></span> <span class='ocrx_word' id='word_1_102' title='bbox 737 1848 838 1905; x_wconf 89' lang='lat' dir='ltr'><strong>dat</strong></span> <span class='ocrx_word' id='word_1_103' title='bbox 878 1849 1196 1907; x_wconf 90' lang='lat' dir='ltr'><strong>nobilitate</strong></span> <span class='ocrx_word' id='word_1_104' title='bbox 1243 1850 1501 1907; x_wconf 87' lang='lat' dir='ltr'><strong>renasci.</strong></span> 
     </span>
    </p>

    <p class='ocr_par' dir='ltr' id='par_1_9' title="bbox 220 1933 2054 2436">
     <span class='ocr_line' id='line_1_20' title="bbox 242 1933 2038 2010; baseline -0.001 -18"><span class='ocrx_word' id='word_1_105' title='bbox 242 1933 418 1992; x_wconf 89' lang='lat' dir='ltr'><strong>Haec</strong></span> <span class='ocrx_word' id='word_1_106' title='bbox 462 1953 703 2008; x_wconf 91' lang='lat' dir='ltr'><strong>quoque</strong></span> <span class='ocrx_word' id='word_1_107' title='bbox 743 1934 1015 1992; x_wconf 85' lang='lat' dir='ltr'><strong>venturis</strong></span> <span class='ocrx_word' id='word_1_108' title='bbox 1062 1934 1342 2010; x_wconf 87' lang='lat' dir='ltr'><strong>quiddam</strong></span> <span class='ocrx_word' id='word_1_109' title='bbox 1385 1933 1779 1991; x_wconf 85' lang='lat' dir='ltr'><strong>memorabile</strong></span> <span class='ocrx_word' id='word_1_110' title='bbox 1818 1934 2038 1992; x_wconf 88' lang='lat' dir='ltr'><strong>saeclis</strong></span> 
     </span>
     <span class='ocr_line' id='line_1_21' title="bbox 247 2019 1891 2095; baseline -0.002 -16"><span class='ocrx_word' id='word_1_111' title='bbox 247 2019 555 2079; x_wconf 88' lang='lat' dir='ltr'><strong>Omnibus</strong></span> <span class='ocrx_word' id='word_1_112' title='bbox 604 2038 641 2076; x_wconf 89' lang='lat' dir='ltr'><strong>a</strong></span> <span class='ocrx_word' id='word_1_113' title='bbox 682 2019 950 2077; x_wconf 87' lang='lat' dir='ltr'><strong>numeris</strong></span> <span class='ocrx_word' id='word_1_114' title='bbox 999 2028 1058 2076; x_wconf 92' lang='lat' dir='ltr'><strong>et</strong></span> <span class='ocrx_word' id='word_1_115' title='bbox 1103 2021 1178 2089; x_wconf 88' lang='lat' dir='ltr'><strong>ab</strong></span> <span class='ocrx_word' id='word_1_116' title='bbox 1226 2020 1393 2078; x_wconf 89' lang='lat' dir='ltr'><strong>omni</strong></span> <span class='ocrx_word' id='word_1_117' title='bbox 1436 2026 1604 2095; x_wconf 87' lang='lat' dir='ltr'><strong>parte</strong></span> <span class='ocrx_word' id='word_1_118' title='bbox 1650 2019 1891 2076; x_wconf 87' lang='lat' dir='ltr'><strong>beatum</strong></span> 
     </span>
     <span class='ocr_line' id='line_1_22' title="bbox 244 2104 1852 2182; baseline -0.001 -19"><span class='ocrx_word' id='word_1_119' title='bbox 244 2104 622 2175; x_wconf 87' lang='lat' dir='ltr'><strong>Parturiens,</strong></span> <span class='ocrx_word' id='word_1_120' title='bbox 659 2105 935 2181; x_wconf 89' lang='lat' dir='ltr'><strong>Agedum</strong></span> <span class='ocrx_word' id='word_1_121' title='bbox 981 2105 1153 2176; x_wconf 82' lang='lat' dir='ltr'><strong>felix,</strong></span> <span class='ocrx_word' id='word_1_122' title='bbox 1198 2123 1312 2182; x_wconf 86' lang='lat' dir='ltr'><strong>age</strong></span> <span class='ocrx_word' id='word_1_123' title='bbox 1359 2123 1632 2176; x_wconf 84' lang='lat' dir='ltr'><strong>nascere,</strong></span> <span class='ocrx_word' id='word_1_124' title='bbox 1676 2104 1852 2176; x_wconf 82' lang='lat' dir='ltr'><strong>dixit,</strong></span> 
     </span>
     <span class='ocr_line' id='line_1_23' title="bbox 244 2189 2054 2264; baseline 0 -16"><span class='ocrx_word' id='word_1_125' title='bbox 244 2189 545 2261; x_wconf 76' lang='lat' dir='ltr'><strong>Nascere,</strong></span> <span class='ocrx_word' id='word_1_126' title='bbox 591 2208 728 2247; x_wconf 85' lang='lat' dir='ltr'><strong>care</strong></span> <span class='ocrx_word' id='word_1_127' title='bbox 769 2209 933 2264; x_wconf 89' lang='lat' dir='ltr'><strong>puer.</strong></span> <span class='ocrx_word' id='word_1_128' title='bbox 984 2191 1148 2248; x_wconf 89' lang='lat' dir='ltr'><strong>Mars</strong></span> <span class='ocrx_word' id='word_1_129' title='bbox 1193 2190 1462 2248; x_wconf 83' lang='lat' dir='ltr'><strong>vindicat</strong></span> <span class='ocrx_word' id='word_1_130' title='bbox 1504 2191 1793 2248; x_wconf 88' lang='lat' dir='ltr'><strong>hactenus</strong></span> <span class='ocrx_word' id='word_1_131' title='bbox 1841 2208 2054 2248; x_wconf 87' lang='lat' dir='ltr'><strong>omnes</strong></span> 
     </span>
     <span class='ocr_line' id='line_1_24' title="bbox 220 2275 1755 2351; baseline -0.002 -17"><span class='ocrx_word' id='word_1_132' title='bbox 220 2278 552 2344; x_wconf 29' lang='lat' dir='ltr'><strong>&amp;Auctores</strong></span> <span class='ocrx_word' id='word_1_133' title='bbox 596 2275 783 2332; x_wconf 85' lang='lat' dir='ltr'><strong>vestri</strong></span> <span class='ocrx_word' id='word_1_134' title='bbox 827 2275 1087 2351; x_wconf 88' lang='lat' dir='ltr'><strong>generis.</strong></span> <span class='ocrx_word' id='word_1_135' title='bbox 1132 2275 1222 2332; x_wconf 87' lang='lat' dir='ltr'><strong>Te</strong></span> <span class='ocrx_word' id='word_1_136' title='bbox 1267 2275 1445 2332; x_wconf 87' lang='lat' dir='ltr'><strong>docta</strong></span> <span class='ocrx_word' id='word_1_137' title='bbox 1483 2276 1755 2332; x_wconf 88' lang='lat' dir='ltr'><strong>Minerva</strong></span> 
     </span>
     <span class='ocr_line' id='line_1_25' title="bbox 244 2360 1810 2436; baseline -0.003 -17"><span class='ocrx_word' id='word_1_138' title='bbox 244 2360 529 2435; x_wconf 87' lang='lat' dir='ltr'><strong>Excipiat</strong></span> <span class='ocrx_word' id='word_1_139' title='bbox 572 2379 707 2416; x_wconf 90' lang='lat' dir='ltr'><strong>cum</strong></span> <span class='ocrx_word' id='word_1_140' title='bbox 750 2368 919 2433; x_wconf 88' lang='lat' dir='ltr'><strong>patre</strong></span> <span class='ocrx_word' id='word_1_141' title='bbox 967 2360 1105 2418; x_wconf 88' lang='lat' dir='ltr'><strong>sibi.</strong></span> <span class='ocrx_word' id='word_1_142' title='bbox 1148 2361 1280 2417; x_wconf 79' lang='lat' dir='ltr'><strong>Iam</strong></span> <span class='ocrx_word' id='word_1_143' title='bbox 1314 2379 1524 2436; x_wconf 77' lang='lat' dir='ltr'><strong>perge,</strong></span> <span class='ocrx_word' id='word_1_144' title='bbox 1573 2368 1810 2417; x_wconf 93' lang='lat' dir='ltr'><strong>tuorum</strong></span> 
     </span>
    </p>

    <p class='ocr_par' dir='ltr' id='par_1_10' title="bbox 250 2444 1716 2520">
     <span class='ocr_line' id='line_1_26' title="bbox 250 2444 1716 2520; baseline 0 -19"><span class='ocrx_word' id='word_1_145' title='bbox 250 2445 389 2520; x_wconf 81' lang='lat' dir='ltr'><strong>Qua</strong></span> <span class='ocrx_word' id='word_1_146' title='bbox 432 2445 639 2503; x_wconf 90' lang='lat' dir='ltr'><strong>nullus</strong></span> <span class='ocrx_word' id='word_1_147' title='bbox 672 2463 900 2519; x_wconf 76' lang='lat' dir='ltr'><strong>presso</strong></span> <span class='ocrx_word' id='word_1_148' title='bbox 940 2445 1202 2520; x_wconf 86' lang='lat' dir='ltr'><strong>vestigia</strong></span> <span class='ocrx_word' id='word_1_149' title='bbox 1246 2446 1486 2502; x_wconf 89' lang='lat' dir='ltr'><strong>tramite</strong></span> <span class='ocrx_word' id='word_1_150' title='bbox 1528 2444 1716 2515; x_wconf 82' lang='lat' dir='ltr'><strong>flexit,</strong></span> 
     </span>
    </p>

    <p class='ocr_par' dir='ltr' id='par_1_11' title="bbox 245 2529 1837 2589">
     <span class='ocr_line' id='line_1_27' title="bbox 245 2529 1837 2589; baseline -0.003 -1"><span class='ocrx_word' id='word_1_151' title='bbox 245 2529 385 2588; x_wconf 87' lang='lat' dir='ltr'><strong>Nec</strong></span> <span class='ocrx_word' id='word_1_152' title='bbox 428 2530 550 2589; x_wconf 87' lang='lat' dir='ltr'><strong>soli</strong></span> <span class='ocrx_word' id='word_1_153' title='bbox 597 2536 805 2588; x_wconf 85' lang='lat' dir='ltr'><strong>vestro</strong></span> <span class='ocrx_word' id='word_1_154' title='bbox 848 2530 1218 2588; x_wconf 82' lang='lat' dir='ltr'><strong>descendant</strong></span> <span class='ocrx_word' id='word_1_155' title='bbox 1267 2537 1583 2588; x_wconf 85' lang='lat' dir='ltr'><strong>stemmate</strong></span> <span class='ocrx_word' id='word_1_156' title='bbox 1627 2529 1837 2586; x_wconf 84' lang='lat' dir='ltr'><strong>fortes.</strong></span> 
     </span>
    </p>

    <p class='ocr_par' dir='ltr' id='par_1_12' title="bbox 246 2612 1894 2776">
     <span class='ocr_line' id='line_1_28' title="bbox 246 2612 1894 2674; baseline -0.002 -1"><span class='ocrx_word' id='word_1_157' title='bbox 246 2615 374 2673; x_wconf 91' lang='lat' dir='ltr'><strong>Per</strong></span> <span class='ocrx_word' id='word_1_158' title='bbox 419 2614 636 2673; x_wconf 88' lang='lat' dir='ltr'><strong>doctos</strong></span> <span class='ocrx_word' id='word_1_159' title='bbox 675 2625 1065 2674; x_wconf 90' lang='lat' dir='ltr'><strong>numerentur</strong></span> <span class='ocrx_word' id='word_1_160' title='bbox 1107 2615 1222 2673; x_wconf 84' lang='lat' dir='ltr'><strong>avi.</strong></span> <span class='ocrx_word' id='word_1_161' title='bbox 1264 2614 1412 2673; x_wconf 88' lang='lat' dir='ltr'><strong>Non</strong></span> <span class='ocrx_word' id='word_1_162' title='bbox 1460 2614 1629 2670; x_wconf 88' lang='lat' dir='ltr'><strong>irrita</strong></span> <span class='ocrx_word' id='word_1_163' title='bbox 1669 2612 1894 2670; x_wconf 85' lang='lat' dir='ltr'><strong>fundo:</strong></span> 
     </span>
     <span class='ocr_line' id='line_1_29' title="bbox 246 2698 1779 2776; baseline -0.003 -18"><span class='ocrx_word' id='word_1_164' title='bbox 246 2702 506 2776; x_wconf 86' lang='lat' dir='ltr'><strong>Magnus</strong></span> <span class='ocrx_word' id='word_1_165' title='bbox 550 2699 695 2771; x_wconf 75' lang='lat' dir='ltr'><strong>eriS,</strong></span> <span class='ocrx_word' id='word_1_166' title='bbox 739 2699 793 2757; x_wconf 91' lang='lat' dir='ltr'><strong>si</strong></span> <span class='ocrx_word' id='word_1_167' title='bbox 837 2719 953 2775; x_wconf 93' lang='lat' dir='ltr'><strong>qua</strong></span> <span class='ocrx_word' id='word_1_168' title='bbox 997 2700 1269 2759; x_wconf 87' lang='lat' dir='ltr'><strong>victricia</strong></span> <span class='ocrx_word' id='word_1_169' title='bbox 1316 2717 1602 2775; x_wconf 90' lang='lat' dir='ltr'><strong>rumpere</strong></span> <span class='ocrx_word' id='word_1_170' title='bbox 1645 2698 1779 2755; x_wconf 89' lang='lat' dir='ltr'><strong>Fati</strong></span> 
     </span>
    </p>

    <p class='ocr_par' dir='ltr' id='par_1_13' title="bbox 246 2782 1959 3115">
     <span class='ocr_line' id='line_1_30' title="bbox 246 2782 1922 2861; baseline -0.002 -19"><span class='ocrx_word' id='word_1_171' title='bbox 246 2786 390 2843; x_wconf 89' lang='lat' dir='ltr'><strong>Iura</strong></span> <span class='ocrx_word' id='word_1_172' title='bbox 439 2793 641 2861; x_wconf 78' lang='lat' dir='ltr'><strong>potes·</strong></span> <span class='ocrx_word' id='word_1_173' title='bbox 692 2784 783 2841; x_wconf 91' lang='lat' dir='ltr'><strong>Te</strong></span> <span class='ocrx_word' id='word_1_174' title='bbox 828 2785 1032 2843; x_wconf 84' lang='lat' dir='ltr'><strong>saecla</strong></span> <span class='ocrx_word' id='word_1_175' title='bbox 1077 2793 1319 2857; x_wconf 87' lang='lat' dir='ltr'><strong>canent,</strong></span> <span class='ocrx_word' id='word_1_176' title='bbox 1366 2793 1425 2842; x_wconf 86' lang='lat' dir='ltr'><strong>te</strong></span> <span class='ocrx_word' id='word_1_177' title='bbox 1471 2783 1675 2842; x_wconf 85' lang='lat' dir='ltr'><strong>vivida</strong></span> <span class='ocrx_word' id='word_1_178' title='bbox 1715 2782 1922 2840; x_wconf 89' lang='lat' dir='ltr'><strong>nutrix</strong></span> 
     </span>
     <span class='ocr_line' id='line_1_31' title="bbox 247 2869 1959 2945; baseline -0.002 -16"><span class='ocrx_word' id='word_1_179' title='bbox 247 2873 566 2929; x_wconf 88' lang='lat' dir='ltr'><strong>Annorum</strong></span> <span class='ocrx_word' id='word_1_180' title='bbox 613 2869 808 2928; x_wconf 87' lang='lat' dir='ltr'><strong>doctis</strong></span> <span class='ocrx_word' id='word_1_181' title='bbox 853 2870 1200 2927; x_wconf 86' lang='lat' dir='ltr'><strong>instaurans</strong></span> <span class='ocrx_word' id='word_1_182' title='bbox 1239 2880 1516 2945; x_wconf 88' lang='lat' dir='ltr'><strong>tempora</strong></span> <span class='ocrx_word' id='word_1_183' title='bbox 1559 2869 1781 2926; x_wconf 88' lang='lat' dir='ltr'><strong>chartis</strong></span> <span class='ocrx_word' id='word_1_184' title='bbox 1955 2876 1959 2879; x_wconf 55' lang='lat'><strong>⁴</strong></span> 
     </span>
     <span class='ocr_line' id='line_1_32' title="bbox 247 2953 1861 3013; baseline -0.002 0"><span class='ocrx_word' id='word_1_185' title='bbox 247 2956 596 3013; x_wconf 88' lang='lat' dir='ltr'><strong>Posteritas</strong></span> <span class='ocrx_word' id='word_1_186' title='bbox 643 2955 1004 3012; x_wconf 87' lang='lat' dir='ltr'><strong>memorabit</strong></span> <span class='ocrx_word' id='word_1_187' title='bbox 1051 2974 1225 3013; x_wconf 88' lang='lat' dir='ltr'><strong>anus.</strong></span> <span class='ocrx_word' id='word_1_188' title='bbox 1274 2955 1365 3013; x_wconf 90' lang='lat' dir='ltr'><strong>Te</strong></span> <span class='ocrx_word' id='word_1_189' title='bbox 1412 2956 1611 3013; x_wconf 89' lang='lat' dir='ltr'><strong>dicere</strong></span> <span class='ocrx_word' id='word_1_190' title='bbox 1657 2953 1861 3011; x_wconf 90' lang='lat' dir='ltr'><strong>nullus</strong></span> 
     </span>
     <span class='ocr_line' id='line_1_33' title="bbox 247 3039 1717 3115; baseline -0.001 -18"><span class='ocrx_word' id='word_1_191' title='bbox 247 3040 522 3099; x_wconf 89' lang='lat' dir='ltr'><strong>Venturo</strong></span> <span class='ocrx_word' id='word_1_192' title='bbox 560 3040 807 3115; x_wconf 82' lang='lat' dir='ltr'><strong>poterit,</strong></span> <span class='ocrx_word' id='word_1_193' title='bbox 846 3039 967 3097; x_wconf 87' lang='lat' dir='ltr'><strong>nisi</strong></span> <span class='ocrx_word' id='word_1_194' title='bbox 1019 3040 1120 3114; x_wconf 90' lang='lat' dir='ltr'><strong>qui</strong></span> <span class='ocrx_word' id='word_1_195' title='bbox 1165 3040 1500 3113; x_wconf 81' lang='lat' dir='ltr'><strong>mirabitur,</strong></span> <span class='ocrx_word' id='word_1_196' title='bbox 1542 3058 1717 3097; x_wconf 86' lang='lat' dir='ltr'><strong>aevo.</strong></span> 
     </span>
    </p>

    <p class='ocr_par' dir='ltr' id='par_1_14' title="bbox 246 3124 1678 3200">
     <span class='ocr_line' id='line_1_34' title="bbox 246 3124 1678 3200; baseline -0.001 -17"><span class='ocrx_word' id='word_1_197' title='bbox 246 3125 522 3184; x_wconf 82' lang='lat' dir='ltr'><strong>Dixerat.</strong></span> <span class='ocrx_word' id='word_1_198' title='bbox 563 3125 824 3200; x_wconf 88' lang='lat' dir='ltr'><strong>Excepit</strong></span> <span class='ocrx_word' id='word_1_199' title='bbox 859 3143 1070 3183; x_wconf 84' lang='lat' dir='ltr'><strong>vocem</strong></span> <span class='ocrx_word' id='word_1_200' title='bbox 1113 3125 1355 3182; x_wconf 91' lang='lat' dir='ltr'><strong>crudele</strong></span> <span class='ocrx_word' id='word_1_201' title='bbox 1393 3124 1678 3181; x_wconf 89' lang='lat' dir='ltr'><strong>renidens</strong></span> 
     </span>
    </p>

    <p class='ocr_par' dir='ltr' id='par_1_15' title="bbox 250 3206 1892 3285">
     <span class='ocr_line' id='line_1_35' title="bbox 250 3206 1892 3285; baseline -0.004 -17"><span class='ocrx_word' id='word_1_202' title='bbox 250 3212 545 3285; x_wconf 87' lang='lat' dir='ltr'><strong>Atropos,</strong></span> <span class='ocrx_word' id='word_1_203' title='bbox 589 3210 1006 3284; x_wconf 89' lang='lat' dir='ltr'><strong>increpuitque</strong></span> <span class='ocrx_word' id='word_1_204' title='bbox 1051 3208 1385 3269; x_wconf 89' lang='lat' dir='ltr'><strong>minacibus</strong></span> <span class='ocrx_word' id='word_1_205' title='bbox 1429 3209 1634 3268; x_wconf 90' lang='lat' dir='ltr'><strong>omina</strong></span> <span class='ocrx_word' id='word_1_206' title='bbox 1674 3206 1892 3283; x_wconf 86' lang='lat' dir='ltr'><strong>signis,</strong></span> 
     </span>
    </p>

    <p class='ocr_par' dir='ltr' id='par_1_16' title="bbox 247 3293 2084 3466">
     <span class='ocr_line' id='line_1_36' title="bbox 248 3293 2084 3372; baseline -0.003 -19"><span class='ocrx_word' id='word_1_207' title='bbox 248 3294 353 3353; x_wconf 88' lang='lat' dir='ltr'><strong>Ne</strong></span> <span class='ocrx_word' id='word_1_208' title='bbox 389 3295 643 3372; x_wconf 85' lang='lat' dir='ltr'><strong>propria.</strong></span> <span class='ocrx_word' id='word_1_209' title='bbox 677 3295 852 3367; x_wconf 77' lang='lat' dir='ltr'><strong>haec,</strong></span> <span class='ocrx_word' id='word_1_210' title='bbox 897 3294 1113 3354; x_wconf 86' lang='lat' dir='ltr'><strong>dilecte</strong></span> <span class='ocrx_word' id='word_1_211' title='bbox 1158 3314 1329 3369; x_wconf 75' lang='lat' dir='ltr'><strong>puer,</strong></span> <span class='ocrx_word' id='word_1_212' title='bbox 1388 3294 1499 3351; x_wconf 91' lang='lat' dir='ltr'><strong>tibi</strong></span> <span class='ocrx_word' id='word_1_213' title='bbox 1544 3293 1708 3350; x_wconf 86' lang='lat' dir='ltr'><strong>dona</strong></span> <span class='ocrx_word' id='word_1_214' title='bbox 1751 3297 2084 3348; x_wconf 85' lang='lat' dir='ltr'><strong>manerent.</strong></span> 
     </span>
     <span class='ocr_line' id='line_1_37' title="bbox 247 3378 1690 3466; baseline -0.002 -29"><span class='ocrx_word' id='word_1_215' title='bbox 247 3380 417 3456; x_wconf 87' lang='lat' dir='ltr'><strong>Ergo</strong></span> <span class='ocrx_word' id='word_1_216' title='bbox 460 3380 622 3466; x_wconf 77' lang='lat' dir='ltr'><strong>quqd</strong></span> <span class='ocrx_word' id='word_1_217' title='bbox 663 3380 882 3456; x_wconf 79' lang='lat' dir='ltr'><strong>potuit,</strong></span> <span class='ocrx_word' id='word_1_218' title='bbox 930 3399 1115 3456; x_wconf 89' lang='lat' dir='ltr'><strong>parco</strong></span> <span class='ocrx_word' id='word_1_219' title='bbox 1169 3379 1464 3436; x_wconf 85' lang='lat' dir='ltr'><strong>deducere</strong></span> <span class='ocrx_word' id='word_1_220' title='bbox 1507 3378 1690 3435; x_wconf 86' lang='lat' dir='ltr'><strong>vitam</strong></span> 
     </span>
    </p>

    <p class='ocr_par' dir='ltr' id='par_1_17' title="bbox 252 3461 1918 3626">
     <span class='ocr_line' id='line_1_38' title="bbox 252 3461 1918 3541; baseline -0.005 -16"><span class='ocrx_word' id='word_1_221' title='bbox 252 3463 546 3538; x_wconf 77' lang='lat' dir='ltr'><strong>Stamine,</strong></span> <span class='ocrx_word' id='word_1_222' title='bbox 590 3466 987 3541; x_wconf 88' lang='lat' dir='ltr'><strong>praecipitare</strong></span> <span class='ocrx_word' id='word_1_223' title='bbox 1028 3464 1222 3536; x_wconf 86' lang='lat' dir='ltr'><strong>colus,</strong></span> <span class='ocrx_word' id='word_1_224' title='bbox 1268 3465 1386 3522; x_wconf 88' lang='lat' dir='ltr'><strong>hoc</strong></span> <span class='ocrx_word' id='word_1_225' title='bbox 1432 3463 1714 3539; x_wconf 90' lang='lat' dir='ltr'><strong>improba</strong></span> <span class='ocrx_word' id='word_1_226' title='bbox 1756 3461 1918 3518; x_wconf 87' lang='lat' dir='ltr'><strong>fecit.</strong></span> 
     </span>
     <span class='ocr_line' id='line_1_39' title="bbox 253 3545 1907 3626; baseline -0.004 -18"><span class='ocrx_word' id='word_1_227' title='bbox 253 3547 509 3608; x_wconf 87' lang='lat' dir='ltr'><strong>Caetera</strong></span> <span class='ocrx_word' id='word_1_228' title='bbox 553 3570 677 3609; x_wconf 93' lang='lat' dir='ltr'><strong>non</strong></span> <span class='ocrx_word' id='word_1_229' title='bbox 721 3551 939 3626; x_wconf 89' lang='lat' dir='ltr'><strong>potuit.</strong></span> <span class='ocrx_word' id='word_1_230' title='bbox 984 3549 1146 3608; x_wconf 86' lang='lat' dir='ltr'><strong>Nam</strong></span> <span class='ocrx_word' id='word_1_231' title='bbox 1179 3559 1240 3607; x_wconf 87' lang='lat' dir='ltr'><strong>te</strong></span> <span class='ocrx_word' id='word_1_232' title='bbox 1285 3548 1662 3607; x_wconf 90' lang='lat' dir='ltr'><strong>circunstetit</strong></span> <span class='ocrx_word' id='word_1_233' title='bbox 1708 3545 1907 3605; x_wconf 89' lang='lat' dir='ltr'><strong>omnis</strong></span> 
     </span>
    </p>
   </div>
  </div>
 </body>
</html>
