2452 4186
1062 332 1191 392 325

214 496 415 569 Prius,
458 495 660 572 ipsum
713 505 816 556 aut
852 509 1238 575 penetrasset
1279 504 1523 576 Orcum,

217 581 509 659 Quisquis
558 601 820 657 unquam
863 583 1115 644 funerea

211 667 284 725 In
320 666 583 744 Argivos
626 668 856 744 primus

212 752 395 830 Belli*
420 771 589 809 arma
631 753 787 810 tulit.

214 835 546 896 Criminum
583 838 703 896 heu
728 845 910 914 caput
945 840 1229 899 omnium.

212 923 275 980 Is
314 940 558 996 nanque
583 923 855 981 homines
894 924 1231 984 trucidavit.

861 1009 920 1065 2.
965 1008 1225 1086 Str-opha
1270 1013 1390 1071 XI.

214 1090 275 1149 Is
322 1090 685 1149 corollarum
732 1092 965 1167 epulas,

214 1174 539 1251 Duloeqne
582 1176 885 1234 delenifici

214 1260 413 1320 Omne
465 1262 615 1318 meri
653 1261 995 1337 proluvium
1038 1264 1217 1336 idem,

211 1346 499 1420 Idemque
546 1364 731 1406 sonos
772 1347 1128 1407 flexanimos

211 1431 516 1490 Abstulit:
554 1432 608 1490 is
655 1432 979 1509 noctivaga

212 1516 401 1574 Furta
442 1516 819 1591 voluptatum
864 1517 1106 1591 amoris,

212 1607 592 1675 Amoresque
638 1600 923 1660 abolevit.
963 1602 1103 1675 hen,
1147 1604 1293 1662 heu!

211 1685 395 1744 Nunc
436 1686 538 1743 hio
574 1687 747 1745 iaceo
797 1687 1054 1760 otiosae,

211 1774 426 1846 Aquae
472 1770 685 1847 pluvio
732 1781 917 1847 capnt

212 1856 374 1914 Rore
420 1856 696 1929 madens,
736 1857 947 1934 iniqua
993 1858 1148 1918 Tro-

217 1942 337 2000 -iae
383 1949 786 2000 monumenta.

805 2026 861 2085 2.
903 2029 1294 2106 Antistropha
1340 2031 1460 2088 XI.

211 2115 373 2170 Ante
411 2111 560 2170 mihi
598 2112 941 2189 noctipetas

211 2197 482 2256 Insidias
530 2197 902 2272 propulerat,

212 2285 411 2357 Atque
453 2282 707 2359 sagittas
752 2283 917 2342 ferus
955 2285 1137 2341 Aiax.

214 2367 400 2426 Nunc
436 2368 574 2444 ipse
620 2368 779 2425 iacet
824 2368 1089 2426 luctifica

215 2451 416 2513 Sorte.
462 2452 598 2526 quis
647 2472 786 2530 ergo
834 2453 978 2510 mihi
1023 2472 1215 2524 amor,

216 2538 468 2613 Quaeve
513 2537 801 2612 voluptas
843 2537 1149 2615 placebit?

212 2623 316 2682 Uti
361 2641 587 2694 essem,
639 2642 675 2680 o
719 2624 950 2681 utinam
997 2643 1219 2696 essem,
1265 2623 1368 2680 ubi
1410 2623 1573 2679 unda

214 2707 428 2785 Rupes
468 2707 691 2765 lavitur
732 2710 967 2767 marina

218 2791 342 2853 Sub
387 2811 658 2868 aequore
704 2790 909 2852 Sunii:

215 2878 577 2953 Alloquerer
624 2897 832 2937 sacras
876 2880 964 2937 uti

217 2963 413 3021 Tutus
455 2963 750 3023 Athenas.

868 3133 1064 3195 Actus
1114 3133 1399 3198 Quintus.

218 3217 369 3276 Teu.
453 3218 681 3276 Pedem
726 3218 927 3291 citavi,
972 3239 1108 3278 cum
1150 3219 1415 3277 viderem
1460 3220 1976 3296 Agamemnonem
2051 3227 2186 3280 1223

218 3302 449 3361 Ducem
492 3304 610 3361 huc
653 3322 767 3361 nec
809 3306 1022 3380 aequis
1064 3304 1371 3362 incitatum
1415 3304 1721 3378 passibus.

218 3385 487 3448 Sinistra
518 3389 817 3463 quaedam
858 3390 1017 3448 velle
1058 3409 1207 3466 prae
1247 3408 1316 3448 se
1361 3389 1482 3446 fert
1513 3388 1700 3463 loqui.
2050 3388 2185 3441 1225

216 3475 662 3550 Agamemnon.
747 3474 923 3532 Tune
969 3475 1108 3548 ille,
1170 3493 1350 3550 quem
1413 3474 1675 3548 superba
1728 3474 1889 3533 dieta
1945 3479 2005 3530 et

216 3558 468 3634 Impune
514 3559 658 3617 dixe
697 3559 888 3618 fertur
931 3560 994 3619 in
1039 3567 1307 3619 nostrum
1353 3558 1573 3635 eaput?
1802 3559 2049 3633 [aspera
