2452 4186
1119 292 1238 353 108

251 459 567 519 Admovet»
601 462 923 520 obsessor:
970 469 1286 519 venturam
1333 461 1596 537 desuper
1637 463 1771 521 urbi

251 544 390 605 Urit
429 545 716 604 defensor
762 547 1049 604 saturatis
1091 547 1324 605 sulfure
1369 546 1510 605 vivo

248 628 580 702 Malleolis‚
626 631 923 706 piceoque
966 631 1279 691 instructis
1318 632 1460 707 igne
1501 629 1808 707 maniplis.

249 716 377 772 Aut
415 714 621 773 subito
667 734 983 793 emergens
1027 717 1223 791 portis
1267 716 1526 774 obsessa
1562 714 1842 775 iuventus

248 797 665 859 Flammiferis
707 800 943 859 facibus
989 801 1235 859 dextras
1275 807 1509 858 armata
1551 807 1836 860 nocentes

246 883 373 942 Per
414 885 690 961 peritura
736 904 951 962 vagam
997 887 1232 963 spargit
1273 885 1608 942 munimina
1644 894 1902 961 pestem,

246 969 324 1026 In
372 987 489 1028 sua
531 971 857 1029 frustratos
902 971 1114 1030 hostes
1157 970 1419 1029 tentoria
1461 988 1709 1047 cogens.

251 1053 515 1113 Caetera
557 1054 699 1129 quid
742 1055 1025 1127 referam,
1071 1074 1229 1131 quae
1265 1055 1502 1112 Phoebi
1542 1056 1788 1113 numine
1836 1057 2038 1132 plenis

246 1134 599 1213 Exequitur
636 1139 789 1198 velis
833 1140 969 1197 aevi
1010 1159 1298 1199 mansura
1338 1159 1452 1216 per
1496 1141 1677 1198 orbes

248 1224 504 1301 Lipsius
552 1223 923 1297 innumeros,
971 1226 1314 1299 chartisque
1360 1233 1610 1283 aeterna
1653 1226 1935 1298 sacravit,

249 1309 471 1367 Prisca
507 1327 622 1385 per
663 1309 948 1368 assiduos
995 1310 1351 1384 complexus
1395 1309 1554 1368 facta
1597 1308 1884 1369 labores?

251 1392 371 1466 Qui
410 1412 755 1468 quanquam
804 1395 920 1453 hoc
977 1402 1147 1453 tanto
1197 1395 1469 1452 devinxit
1506 1395 1761 1470 pignore
1808 1403 2044 1471 gentes,

249 1476 495 1536 Natura
527 1488 729 1536 tamen
772 1479 849 1535 ad
890 1498 1161 1538 summos
1201 1486 1521 1536 revocante
1565 1488 1837 1554 paratus,

252 1563 525 1622 Inseruit
572 1563 747 1622 coelo
794 1563 1071 1641 vigilacis
1116 1564 1349 1622 lumina
1394 1564 1614 1623 mentis

254 1646 423 1708 Scita
470 1648 867 1713 instaurando
913 1649 1191 1725 neglecta
1235 1647 1538 1724 prioribus
1583 1648 1783 1721 anni3‚

251 1732 532 1791 Porticus
579 1736 810 1791 Actaea
850 1733 1152 1808 quondam
1200 1751 1358 1809 quae
1403 1733 1606 1792 sanxit
1640 1734 1701 1790 in
1752 1734 1932 1793 urbe:

252 1818 332 1875 Et
376 1826 618 1877 veteres
667 1817 940 1878 Senecae
986 1818 1258 1877 recolens
1302 1818 1651 1893 praedivitis
1698 1819 1903 1876 hortos

250 1903 583 1979 Excerpsit
624 1904 840 1961 florum
887 1904 1162 1981 digestos
1208 1903 1375 1960 mille
1420 1902 1673 1961 colores.

255 1988 392 2063 Quo
434 1995 498 2044 te
533 1997 911 2063 praeteream
960 1987 1204 2047 Corneli
1248 2006 1465 2065 magne
1505 1988 1725 2064 piade,

254 2072 571 2149 Tempora
610 2091 786 2149 quem
826 2092 1131 2149 nunquam
1154 2072 1432 2132 Tacitum
1475 2081 1729 2138 ventura
1763 2068 2091 2128 tacebunt?

254 2156 375 2230 Qui
421 2158 596 2215 modo
628 2178 936 2235 purpurea
973 2170 1297 2216 renovatus
1344 2160 1614 2216 membra
1655 2159 1922 2227 iuventa,

252 2242 338 2301 Ut
385 2261 566 2318 quem
611 2244 901 2302 cinameis
938 2252 1228 2320 reparant
1262 2243 1548 2300 incendia
1590 2243 1774 2313 nidis,

255 2325 439 2388 Secla
483 2321 693 2385 decem
737 2329 969 2403 quoties
1016 2328 1167 2385 vixit
1206 2328 1549 2386 Phoebeius
1594 2345 1798 2397 oscen,

257 2412 568 2487 Quicquid
616 2432 706 2485 es,
757 2414 897 2471 huic
938 2421 1131 2471 totum
1178 2412 1389 2483 debes,
1438 2414 1537 2470 cui
1574 2412 1839 2487 plurima
1874 2408 2056 2465 debet

253 2498 543 2571 Mundus,
595 2505 655 2555 et
699 2499 981 2572 antiquae
1024 2497 1291 2575 gaudent
1334 2516 1454 2572 quo
1499 2495 1737 2554 vindice
1780 2494 2045 2563 chartae,

258 2580 423 2641 Cura
470 2583 692 2658 quibus
734 2583 932 2660 Lipsii
975 2581 1281 2659 fugientes
1325 2580 1589 2638 reddidit
1630 2598 1840 2638 annos.

343 2665 602 2744 Singula
642 2668 752 2725 sed
788 2668 948 2726 laxis
993 2669 1492 2725 circumvectatus
1533 2666 1788 2723 habenis

254 2752 584 2827 Expatior‚
626 2752 807 2810 celeri
851 2761 1129 2828 raptante
1173 2770 1285 2829 per
1326 2770 1471 2808 aera
1511 2769 1707 2823 curru,

253 2835 421 2894 Dum
464 2856 561 2894 me
605 2838 1025 2913 praecipitem,
1072 2837 1273 2913 Lipsi‚
1317 2845 1422 2893 tua
1470 2835 1740 2893 maxima
1780 2835 1971 2893 vii-tus

254 2921 480 2998 Ignota
525 2923 778 2999 regione
804 2924 1000 2998 rapit,
1051 2940 1249 2997 neque
1292 2922 1562 2998 suppetit
1602 2921 1778 2978 ardor

257 3004 524 3065 Conanti
568 3009 831 3084 spatium
877 3008 1035 3065 vasti
1081 3008 1494 3065 transmittere
1540 3007 1758 3080 campi,

258 3088 375 3150 Cui
420 3092 522 3149 vix
568 3093 798 3151 emisso
841 3093 915 3150 de
966 3092 1174 3149 limine
1222 3092 1507 3163 carceris,
1555 3098 1718 3164 ante,

259 3175 461 3251 Quam
504 3178 677 3255 tetigi
716 3186 935 3249 metas,
973 3195 1155 3253 aeger
1197 3177 1383 3233 trahit
1424 3175 1534 3232 ilia
1573 3174 1810 3251 pulsus.

259 3260 446 3335 Quod
488 3261 725 3335 damus,
770 3262 1031 3319 officium
1079 3260 1231 3319 satis
1276 3269 1389 3332 est,
1434 3279 1552 3316 non
1594 3278 1858 3338 carmen,
1901 3264 2095 3322 amico

257 3346 562 3421 Impendi‚
611 3366 687 3404 ne
736 3366 853 3405 nos
901 3364 1081 3405 succo
1128 3344 1399 3421 loliginis
1447 3351 1615 3401 atrae

259 3429 565 3504 Suffusoe,
604 3440 707 3488 aut
748 3432 1014 3490 invidiae
1059 3429 1368 3488 maduisse
1414 3446 1653 3487 veneno

256 3515 525 3574 Postera
572 3516 666 3573 vel
718 3517 944 3589 credat,
990 3515 1085 3574 vel
1128 3532 1425 3591 praesens
1473 3522 1688 3592 arguat
1729 3524 1919 3574 aetas,
