2452 4186
1132 286 1214 345 23

272 453 392 511 Nec
429 453 559 523 ulla
602 453 810 526 restis,
854 462 954 510 aut
998 455 1214 513 colorii
1254 454 1432 512 funes

270 539 551 616 Plagulas
593 539 907 611 reducunt,
953 540 1237 598 annulive
1279 538 1551 597 velares:

272 622 385 683 Sed
425 624 566 683 sola
609 642 849 682 somnos
895 627 1247 700 praebitura
1292 642 1542 683 securos

267 710 497 767 Aulaea
538 708 690 767 situs
737 728 1076 768 araneosus
1125 709 1416 767 obtendit.

267 793 379 853 Pro
427 794 719 853 stramine
758 794 866 864 illi,
916 796 1290 870 culcitaeque
1332 802 1597 852 tomento

271 879 376 935 Vel
423 886 731 938 scorteum
778 889 1075 955 segestre‚
1120 880 1219 938 vel
1263 898 1456 937 senex
1498 886 1695 951 cento,

267 964 339 1021 Et
373 985 484 1040 pro
530 971 757 1040 tapete,
801 983 1037 1040 proque
1083 965 1353 1041 stragula
1403 972 1594 1036 veste,

266 1048 676 1106 Exfimbriatis
722 1049 999 1107 obsoleta
1040 1050 1285 1107 fratillis

265 1136 550 1208 Anusque
593 1134 791 1204 lodix,
835 1153 1224 1211 gausapeque
1271 1134 1581 1205 detritum:

267 1216 802 1293 Substerniturque
847 1219 1014 1277 mille
1058 1221 1315 1277 murium
1365 1218 1612 1295 praeda,

264 1306 349 1361 Ac
389 1303 721 1362 soricinum
765 1304 989 1362 linteus
1034 1303 1349 1375 minutale‚

268 1388 381 1462 Qui
425 1388 626 1463 possit
673 1407 810 1446 esse
856 1389 1232 1446 ruderarium
1282 1388 1571 1446 cribrum:

264 1472 547 1547 Idemque
590 1492 838 1530 mensae
878 1475 1066 1545 servit
1109 1493 1264 1531 unus
1313 1482 1372 1530 et
1413 1472 1596 1544 lect0,

266 1558 512 1615 Mantile
556 1558 754 1615 nudae
795 1559 983 1616 servit
1025 1570 1083 1616 et
1126 1558 1286 1615 toral
1327 1576 1597 1617 mensae.

265 1641 356 1698 Ne
399 1642 801 1700 dormientem
846 1644 1050 1701 laedat
1094 1663 1243 1700 aura
1287 1650 1600 1713 nocturna,

267 1727 441 1801 Quod
486 1728 574 1783 nil
617 1728 697 1784 sit
738 1729 850 1800 illi,
897 1729 1001 1804 qui
1047 1738 1228 1804 caput
1263 1737 1428 1804 tegat
1471 1736 1676 1798 noctu,

267 1810 607 1871 Calvariam
646 1822 840 1870 armat
885 1813 1294 1890 subligaribus
1337 1813 1597 1871 braccis:

264 1896 398 1956 Hoc
445 1897 762 1956 involucro
805 1907 1022 1970 tectus,
1070 1901 1185 1956 hoc
1234 1907 1292 1955 et
1334 1899 1591 1955 amiectu

266 1980 723 2042 Subfarcinatus
765 1984 844 2040 ad
884 1984 1194 2041 meridiem
1239 1983 1454 2043 stertit.

265 2066 712 2144 Compendiosa
750 2069 1046 2128 sumtibus
1088 2070 1187 2127 via
1225 2086 1520 2145 parcens:

266 2153 504 2231 Quippe
545 2173 665 2210 una
709 2154 915 2230 opella
937 2155 1216 2230 prandet,
1251 2164 1310 2211 et
1339 2154 1518 2213 simul
1548 2160 1784 2223 coenat,

264 2238 336 2295 Et
377 2240 588 2310 ientat‚
639 2248 698 2295 et
744 2240 1076 2312 merendat‚
1125 2249 1304 2314 atque
1350 2239 1660 2297 comissat.

266 2321 472 2381 Coena
515 2325 652 2398 ipsa
692 2324 873 2401 frugi,
910 2323 1304 2400 Socratisque
1347 2323 1761 2401 praescripto:

264 2407 481 2465 Vinum
520 2427 685 2479 asse,
713 2410 891 2483 panis
922 2429 1085 2482 asse,
1126 2418 1185 2468 et
1217 2428 1359 2468 asse
1390 2409 1783 2486 pulmentum.

266 2493 522 2565 Ancilla,
569 2493 809 2567 qualem
858 2514 982 2552 non
1029 2496 1254 2553 habere
1298 2494 1667 2552 Moncaudus

264 2583 486 2635 Averet
530 2578 737 2650 aliam,
782 2579 999 2650 veh-si
1049 2589 1277 2652 averet,
1325 2579 1484 2637 haud
1529 2587 1775 2655 posset;

267 2661 655 2721 Cadaverosa
695 2664 920 2737 fronte,
962 2657 1242 2739 pendulis
1283 2663 1496 2734 labris,

267 2746 533 2819 Cariosa‚
582 2766 783 2820 casca,
829 2748 1038 2807 Troici
1082 2769 1320 2807 memor
1362 2748 1530 2820 belli,

266 2832 623 2892 Pannuceas
668 2834 730 2890 in
776 2854 877 2890 ore
924 2837 1271 2908 praeferens
1315 2852 1520 2911 rugas·

266 2918 545 2978 Everrias
590 2919 741 2975 haec
780 2918 939 2977 forte
984 2920 1067 2995 (si
1109 2929 1313 2977 tamen
1363 2918 1572 2994 verrit)

266 3001 728 3061 Protuberantis
777 3004 1003 3081 colligit
1048 3006 1398 3080 pavimenti,

270 3084 479 3163 Scopis
528 3088 769 3161 solutis»,
815 3099 920 3147 aut
956 3090 1157 3148 inutili
1204 3111 1396 3148 ramo.

269 3170 439 3229 Haec
475 3181 669 3250 terget
710 3174 890 3245 ollas,
934 3174 1149 3250 implet
1191 3176 1493 3251 hydriam:
1533 3176 1756 3233 sordes

268 3256 342 3313 Et
394 3267 627 3316 stercus
670 3258 874 3316 effert:
919 3260 1066 3316 eluit
1107 3260 1492 3318 lavatrinam.

273 3340 644 3418 Quotiesque
685 3344 835 3401 tenti
878 3346 1036 3402 vatis
1085 3353 1371 3403 aestuans
1411 3346 1636 3421 inguen

273 3424 688 3503 Singultientis
737 3429 946 3505 arrigit
987 3439 1188 3487 tumor
1229 3449 1440 3501 venae,

272 3510 503 3569 Inemta
525 3513 734 3572 Venus
777 3514 916 3571 huic
955 3523 1014 3570 et
1056 3514 1353 3590 parabilis
1387 3521 1635 3590 praesto
1672 3521 1786 3583 est,
