2452 4186
1243 291 1367 351 266

478 459 860 533 Narcissum,
900 468 960 518 et
995 462 1207 537 patulo
1251 462 1383 518 lilia
1412 460 1614 520 hiulca
1654 460 1812 534 sinu,

396 545 814 621 Halantesque
859 556 1199 619 crocos,·et
1245 565 1583 624 purpureos
1629 546 2013 622 hyacinthos,

479 633 737 708 Insuper
780 640 840 688 et
880 650 1103 689 vernae
1141 633 1333 690 florea
1375 640 1539 690 serta
1579 649 1788 702 rosae3

395 717 482 776 Ut
528 717 639 773 tibi
684 717 759 774 ab
806 725 1116 792 unguento
1160 724 1363 794 caput,
1411 715 1771 789 Heliodora,
1815 716 2110 795 fragranti

478 800 683 878 Spiret
724 800 996 860 odoratis
1038 809 1184 878 apta
1221 821 1443 860 corona
1488 802 1700 861 comis.

1196 889 1407 944 Aliter.

393 971 472 1029 Et
507 969 769 1045 plectam
816 971 1037 1038 violas,
1095 981 1155 1029 et
1195 971 1410 1047 myrtis
1458 972 1742 1029 suavibus
1789 969 2009 1027 addam
2057 996 2062 997 ⁷

477 1053 862 1128 Narcissum,
905 1056 1150 1132 iungam
1193 1057 1328 1114 lilia
1359 1056 1561 1114 hiulca
1602 1055 1801 1113 simul.

393 1138 653 1198 Nectam
702 1158 888 1199 suave
933 1159 1196 1215 crocum,
1243 1152 1447 1199 texam
1492 1141 1765 1198 vaccinia
1805 1140 1957 1198 flore

476 1224 811 1300 Purpureo,
858 1225 1120 1302 plectam
1161 1228 1376 1285 suavia
1419 1234 1585 1284 texta
1627 1243 1831 1297 rosae,

394 1310 476 1369 Ut
518 1310 796 1368 madidae
837 1320 1145 1388 unguento
1168 1313 1282 1370 tibi
1315 1312 1566 1371 floribus
1609 1310 1871 1384 undique
1895 1309 2221 1380 inumbret,

477 1394 839 1468 Heliodora,
885 1404 1022 1455 tuas
1065 1397 1254 1473 plexa
1292 1396 1512 1455 corolla
1557 1414 1785 1454 comas·

398 1563 548 1638 ζ(ΐ)
944 1562 1122 1644 Φαμί
1158 1561 1302 1623 ποτ>
1351 1561 1412 1622 ἐν
1463 1560 1699 1642 μύθοις.

392 1647 601 1705 Iudice
648 1667 766 1721 me,
806 1651 1035 1726 argutis
1075 1651 1485 1721 sermonibus,
1525 1650 1687 1725 ipsa,
1731 1649 1965 1725 lepore,

479 1732 639 1790 Vicit
680 1734 777 1790 vel
823 1732 1123 1806 Charites,
1167 1734 1528 1807 Heliodora,
1572 1753 1699 1793 suo·

399 1901 547 1978 ((8)
975 1897 1273 1984 ὈΕυβόαι
1317 1902 1632 1966 κώνωπες.

396 1984 724 2062 Sanguinis
773 1987 1020 2046 humani
1067 1989 1368 2060 sitientes,
1411 1988 1685 2062 improba
1721 1987 1909 2059 secla,

477 2075 644 2148 Apta
691 2071 806 2130 alis
848 2073 1119 2149 paribus,
1169 2073 1408 2132 vocifici
1451 2070 1726 2131 Culicesz

393 2156 768 2231 Zenophilae
811 2157 1116 2233 placidum
1161 2159 1345 2215 liceat
1387 2157 1650 2217 dormire
1696 2175 2007 2235 soporem,

481 2239 781 2301 Carnibus
832 2243 1065 2301 interea
1107 2262 1211 2301 vos
1259 2244 1477 2302 satiate
1523 2244 1696 2301 meis.

394 2324 517 2386 Sed
544 2327 686 2401 quid
725 2346 837 2404 ego
864 2329 1014 2386 hacc
1041 2328 1205 2386 dixi?
1232 2328 1458 2387 frustra
1493 2347 1645 2387 sum.
1681 2326 2034 2386 Animantia
2065 2332 2222 2383 tetra

478 2410 761 2471 Gaudent
804 2415 868 2470 in
915 2421 1185 2471 teneram
1232 2414 1417 2491 figere
1458 2421 1661 2471 rostra
1702 2420 1915 2470 cutem.

390 2498 509 2568 Ah,
555 2517 741 2574 pecus
790 2499 1202 2575 implacidum,
1252 2500 1486 2575 coeptis
1533 2498 1830 2556 absistite.
1880 2496 1935 2555 si
1980 2515 2133 2553 non:

474 2583 807 2659 Zelotypas
851 2584 915 2641 in
962 2604 1072 2643 vos
1113 2585 1373 2643 instruet
1415 2584 1507 2640 ira
1551 2602 1788 2641 manus,

394 2749 545 2825 ζ(9)
979 2746 1203 2830 Πταίης
1246 2769 1349 2827 μοι
1395 2750 1646 2830 κώνωψ.

388 2835 441 2907 I,
488 2855 756 2912 propera
800 2836 1106 2910 mandata,
1151 2835 1364 2895 Culex.
1412 2836 1588 2894 Velle
1633 2836 1799 2894 ocius
1844 2855 2048 2896 aurem

474 2920 868 2997 Zenophilae,
917 2930 976 2979 et
1016 2923 1182 2980 tenui
1232 2923 1382 2980 haec
1432 2940 1733 2979 murmure
1772 2921 1932 2980 dicta
1972 2942 2148 2982 sona:

390 3005 482 3062 Te
526 3006 674 3083 vigil
714 3006 819 3065 ille
855 3017 1087 3065 manet:
1136 3014 1199 3064 tu
1235 3007 1424 3080 lenta,
1469 3015 1753 3065 veternus
1802 3016 2132 3082 amantum,

473 3090 744 3151 Dormis.
784 3092 920 3163 Eia,
961 3093 1112 3150 vola.
1155 3112 1329 3169 euge,
1374 3111 1610 3165 canore,
1654 3091 1808 3150 vola.

389 3173 513 3234 Sed
552 3177 788 3252 placide
831 3176 1110 3250 eloquere
1144 3178 1316 3249 haec,
1361 3198 1438 3235 ne
1469 3178 1626 3234 forte
1653 3177 1746 3234 vir
1772 3177 2004 3236 excitus
2027 3177 2092 3235 in
2118 3197 2216 3235 me

472 3261 632 3317 Iram
678 3262 1016 3339 distringat,
1066 3262 1504 3339 zelotypasque
1549 3262 1769 3319 minas.

388 3343 559 3418 Quod
601 3345 654 3403 si
690 3346 857 3403 illam
901 3347 1187 3420 adduces,
1233 3347 1494 3423 spolium
1538 3347 1647 3404 tibi
1691 3346 1919 3424 grande
1963 3346 2186 3421 leonis,

470 3429 551 3487 Et
594 3430 874 3490 manibus
922 3432 1159 3490 dabitur
1205 3432 1384 3490 clava
1427 3432 1713 3510 gerenda,
1744 3429 1959 3491 Culex.
