<?xml version="1.0" encoding="UTF-8"?>
<!DOCTYPE html PUBLIC "-//W3C//DTD XHTML 1.0 Transitional//EN"
    "http://www.w3.org/TR/xhtml1/DTD/xhtml1-transitional.dtd">
<html xmlns="http://www.w3.org/1999/xhtml" xml:lang="en" lang="en">
 <head>
  <title>
</title>
<meta http-equiv="Content-Type" content="text/html;charset=utf-8" />
  <meta name='ocr-system' content='tesseract 3.04.00' />
  <meta name='ocr-capabilities' content='ocr_page ocr_carea ocr_par ocr_line ocrx_word'/>
</head>
<body>
  <div class='ocr_page' id='page_1' title='image "./iosephiscaliger02scalgoog/iosephiscaliger02scalgoog_0400.png"; bbox 0 0 2452 4186; ppageno 0'>
   <div class='ocr_carea' id='block_1_1' title="bbox 1194 313 1325 374">
    <p class='ocr_par' dir='ltr' id='par_1_1' title="bbox 1194 313 1325 374">
     <span class='ocr_line' id='line_1_1' title="bbox 1194 313 1325 374; baseline -0.015 0"><span class='ocrx_word' id='word_1_1' title='bbox 1194 313 1325 374; x_wconf 77' lang='lat'><strong>390</strong></span> 
     </span>
    </p>
   </div>
   <div class='ocr_carea' id='block_1_2' title="bbox 1107 399 1410 407">
    <p class='ocr_par' dir='ltr' id='par_1_2' title="bbox 1107 399 1410 407">
     <span class='ocr_line' id='line_1_2' title="bbox 1107 399 1410 407; baseline 0 3779"><span class='ocrx_word' id='word_1_2' title='bbox 1107 399 1410 407; x_wconf 95' lang='lat' dir='ltr'><strong> </strong></span> 
     </span>
    </p>
   </div>
   <div class='ocr_carea' id='block_1_3' title="bbox 349 481 1938 560">
    <p class='ocr_par' dir='ltr' id='par_1_3' title="bbox 349 481 1938 560">
     <span class='ocr_line' id='line_1_3' title="bbox 349 481 1938 560; baseline -0.004 -13"><span class='ocrx_word' id='word_1_3' title='bbox 349 484 590 547; x_wconf 79' lang='lat' dir='ltr'><strong>Sistens</strong></span> <span class='ocrx_word' id='word_1_4' title='bbox 637 486 971 544; x_wconf 85' lang='lat' dir='ltr'><strong>obscoenas</strong></span> <span class='ocrx_word' id='word_1_5' title='bbox 1017 484 1256 560; x_wconf 75' lang='lat' dir='ltr'><strong>speeies</strong></span> <span class='ocrx_word' id='word_1_6' title='bbox 1305 481 1537 541; x_wconf 86' lang='lat' dir='ltr'><strong>crucias</strong></span> <span class='ocrx_word' id='word_1_7' title='bbox 1582 483 1938 541; x_wconf 83' lang='lat' dir='ltr'><strong>animorum.</strong></span> 
     </span>
    </p>
   </div>
   <div class='ocr_carea' id='block_1_4' title="bbox 347 653 2186 2429">
    <p class='ocr_par' dir='ltr' id='par_1_4' title="bbox 347 653 2157 1157">
     <span class='ocr_line' id='line_1_4' title="bbox 348 653 2006 727; baseline -0.003 -13"><span class='ocrx_word' id='word_1_8' title='bbox 348 656 430 714; x_wconf 89' lang='grc'><strong>39</strong></span> <span class='ocrx_word' id='word_1_9' title='bbox 526 655 743 714; x_wconf 60' lang='lat' dir='ltr'><strong>Cereris</strong></span> <span class='ocrx_word' id='word_1_10' title='bbox 776 656 978 712; x_wconf 71' lang='lat' dir='ltr'><strong>matris</strong></span> <span class='ocrx_word' id='word_1_11' title='bbox 997 655 1418 712; x_wconf 71' lang='lat' dir='ltr'><strong>Eleusinion-sis</strong></span> <span class='ocrx_word' id='word_1_12' title='bbox 1445 653 1723 727; x_wconf 78' lang='lat' dir='ltr'><strong>suffimen,</strong></span> <span class='ocrx_word' id='word_1_13' title='bbox 1749 661 2006 710; x_wconf 73' lang='lat' dir='ltr'><strong>sturaca.</strong></span> 
     </span>
     <span class='ocr_line' id='line_1_5' title="bbox 348 735 1907 810; baseline -0.004 -10"><span class='ocrx_word' id='word_1_14' title='bbox 348 741 530 800; x_wconf 84' lang='lat' dir='ltr'><strong>Alma</strong></span> <span class='ocrx_word' id='word_1_15' title='bbox 568 738 755 799; x_wconf 87' lang='lat' dir='ltr'><strong>Ceres</strong></span> <span class='ocrx_word' id='word_1_16' title='bbox 799 747 992 796; x_wconf 89' lang='lat' dir='ltr'><strong>mater</strong></span> <span class='ocrx_word' id='word_1_17' title='bbox 1033 737 1281 810; x_wconf 78' lang='lat' dir='ltr'><strong>Divum,</strong></span> <span class='ocrx_word' id='word_1_18' title='bbox 1327 737 1721 796; x_wconf 81' lang='lat' dir='ltr'><strong>celeberrima</strong></span> <span class='ocrx_word' id='word_1_19' title='bbox 1764 735 1907 808; x_wconf 82' lang='lat' dir='ltr'><strong>Dia,</strong></span> 
     </span>
     <span class='ocr_line' id='line_1_6' title="bbox 347 822 1921 899; baseline -0.004 -15"><span class='ocrx_word' id='word_1_20' title='bbox 347 824 592 897; x_wconf 81' lang='lat' dir='ltr'><strong>Rumia‚</strong></span> <span class='ocrx_word' id='word_1_21' title='bbox 639 831 853 883; x_wconf 86' lang='lat' dir='ltr'><strong>sancta</strong></span> <span class='ocrx_word' id='word_1_22' title='bbox 889 824 1100 896; x_wconf 80' lang='lat' dir='ltr'><strong>Pales,</strong></span> <span class='ocrx_word' id='word_1_23' title='bbox 1158 823 1322 899; x_wconf 84' lang='lat' dir='ltr'><strong>copis</strong></span> <span class='ocrx_word' id='word_1_24' title='bbox 1368 822 1712 899; x_wconf 86' lang='lat' dir='ltr'><strong>largissima</strong></span> <span class='ocrx_word' id='word_1_25' title='bbox 1755 822 1921 894; x_wconf 83' lang='lat' dir='ltr'><strong>victi,</strong></span> 
     </span>
     <span class='ocr_line' id='line_1_7' title="bbox 351 904 2057 986; baseline -0.004 -16"><span class='ocrx_word' id='word_1_26' title='bbox 351 911 579 971; x_wconf 84' lang='lat' dir='ltr'><strong>Omnia.</strong></span> <span class='ocrx_word' id='word_1_27' title='bbox 622 910 796 981; x_wconf 82' lang='lat' dir='ltr'><strong>dans,</strong></span> <span class='ocrx_word' id='word_1_28' title='bbox 840 910 1068 986; x_wconf 81' lang='lat' dir='ltr'><strong>fruges,</strong></span> <span class='ocrx_word' id='word_1_29' title='bbox 1118 916 1180 966; x_wconf 90' lang='lat' dir='ltr'><strong>et</strong></span> <span class='ocrx_word' id='word_1_30' title='bbox 1215 925 1387 984; x_wconf 80' lang='lat' dir='ltr'><strong>opes,</strong></span> <span class='ocrx_word' id='word_1_31' title='bbox 1429 907 1731 978; x_wconf 80' lang='lat' dir='ltr'><strong>Pomona,</strong></span> <span class='ocrx_word' id='word_1_32' title='bbox 1777 904 2057 983; x_wconf 81' lang='lat' dir='ltr'><strong>Segesta,</strong></span> 
     </span>
     <span class='ocr_line' id='line_1_8' title="bbox 350 991 2157 1070; baseline 0 -17"><span class='ocrx_word' id='word_1_33' title='bbox 350 996 614 1054; x_wconf 85' lang='lat' dir='ltr'><strong>Tantum</strong></span> <span class='ocrx_word' id='word_1_34' title='bbox 652 994 1087 1052; x_wconf 86' lang='lat' dir='ltr'><strong>concelebrans</strong></span> <span class='ocrx_word' id='word_1_35' title='bbox 1130 1011 1366 1069; x_wconf 82' lang='lat' dir='ltr'><strong>pacem,</strong></span> <span class='ocrx_word' id='word_1_36' title='bbox 1415 991 1836 1070; x_wconf 69' lang='lat' dir='ltr'><strong>agricolaeque</strong></span> <span class='ocrx_word' id='word_1_37' title='bbox 1878 992 2157 1053; x_wconf 75' lang='lat' dir='ltr'><strong>laborest</strong></span> 
     </span>
     <span class='ocr_line' id='line_1_9' title="bbox 352 1077 1922 1157; baseline -0.004 -17"><span class='ocrx_word' id='word_1_38' title='bbox 352 1079 632 1151; x_wconf 76' lang='lat' dir='ltr'><strong>semona,</strong></span> <span class='ocrx_word' id='word_1_39' title='bbox 673 1079 1024 1157; x_wconf 82' lang='lat' dir='ltr'><strong>Accumula‚</strong></span> <span class='ocrx_word' id='word_1_40' title='bbox 1064 1077 1351 1150; x_wconf 81' lang='lat' dir='ltr'><strong>tritutrix‚</strong></span> <span class='ocrx_word' id='word_1_41' title='bbox 1395 1077 1922 1154; x_wconf 80' lang='lat' dir='ltr'><strong>frugiparensque,</strong></span> 
     </span>
    </p>

    <p class='ocr_par' dir='ltr' id='par_1_5' title="bbox 352 1160 1912 1240">
     <span class='ocr_line' id='line_1_10' title="bbox 352 1160 1912 1240; baseline -0.001 -18"><span class='ocrx_word' id='word_1_42' title='bbox 352 1164 524 1238; x_wconf 80' lang='lat' dir='ltr'><strong>Quae</strong></span> <span class='ocrx_word' id='word_1_43' title='bbox 570 1172 860 1240; x_wconf 83' lang='lat' dir='ltr'><strong>augustae</strong></span> <span class='ocrx_word' id='word_1_44' title='bbox 902 1163 1166 1221; x_wconf 88' lang='lat' dir='ltr'><strong>sacraria</strong></span> <span class='ocrx_word' id='word_1_45' title='bbox 1203 1161 1515 1220; x_wconf 86' lang='lat' dir='ltr'><strong>Eleusinis</strong></span> <span class='ocrx_word' id='word_1_46' title='bbox 1561 1160 1912 1220; x_wconf 80' lang='lat' dir='ltr'><strong>dominaris,</strong></span> 
     </span>
    </p>

    <p class='ocr_par' dir='ltr' id='par_1_6' title="bbox 353 1247 2145 1477">
     <span class='ocr_line' id='line_1_11' title="bbox 353 1247 2145 1326; baseline -0.003 -16"><span class='ocrx_word' id='word_1_47' title='bbox 353 1250 408 1310; x_wconf 91' lang='lat' dir='ltr'>O</span> <span class='ocrx_word' id='word_1_48' title='bbox 447 1248 730 1321; x_wconf 85' lang='lat' dir='ltr'><strong>iucunda,</strong></span> <span class='ocrx_word' id='word_1_49' title='bbox 773 1248 1056 1326; x_wconf 83' lang='lat' dir='ltr'><strong>benigna,</strong></span> <span class='ocrx_word' id='word_1_50' title='bbox 1099 1248 1409 1305; x_wconf 87' lang='lat' dir='ltr'><strong>hominum</strong></span> <span class='ocrx_word' id='word_1_51' title='bbox 1453 1247 1872 1323; x_wconf 88' lang='lat' dir='ltr'><strong>placidissima</strong></span> <span class='ocrx_word' id='word_1_52' title='bbox 1914 1248 2145 1321; x_wconf 85' lang='lat' dir='ltr'><strong>nutrix,</strong></span> 
     </span>
     <span class='ocr_line' id='line_1_12' title="bbox 353 1332 2109 1411; baseline -0.001 -19"><span class='ocrx_word' id='word_1_53' title='bbox 353 1334 522 1408; x_wconf 83' lang='lat' dir='ltr'><strong>Quae</strong></span> <span class='ocrx_word' id='word_1_54' title='bbox 555 1333 723 1409; x_wconf 89' lang='lat' dir='ltr'><strong>prior</strong></span> <span class='ocrx_word' id='word_1_55' title='bbox 759 1333 1059 1411; x_wconf 80' lang='lat' dir='ltr'><strong>agricolas</strong></span> <span class='ocrx_word' id='word_1_56' title='bbox 1103 1333 1338 1391; x_wconf 84' lang='lat' dir='ltr'><strong>iunxsti</strong></span> <span class='ocrx_word' id='word_1_57' title='bbox 1382 1333 1494 1390; x_wconf 87' lang='lat' dir='ltr'><strong>sub</strong></span> <span class='ocrx_word' id='word_1_58' title='bbox 1538 1332 1810 1408; x_wconf 87' lang='lat' dir='ltr'><strong>plaustra</strong></span> <span class='ocrx_word' id='word_1_59' title='bbox 1847 1332 2109 1405; x_wconf 84' lang='lat' dir='ltr'><strong>triones,</strong></span> 
     </span>
     <span class='ocr_line' id='line_1_13' title="bbox 353 1413 1925 1477; baseline -0.001 0"><span class='ocrx_word' id='word_1_60' title='bbox 353 1419 667 1477; x_wconf 83' lang='lat' dir='ltr'><strong>Illecebris</strong></span> <span class='ocrx_word' id='word_1_61' title='bbox 709 1420 913 1477; x_wconf 88' lang='lat' dir='ltr'><strong>mitem</strong></span> <span class='ocrx_word' id='word_1_62' title='bbox 954 1418 1240 1476; x_wconf 89' lang='lat' dir='ltr'><strong>edulcans</strong></span> <span class='ocrx_word' id='word_1_63' title='bbox 1282 1413 1627 1475; x_wconf 87' lang='lat' dir='ltr'><strong>mortalibu&#39;</strong></span> <span class='ocrx_word' id='word_1_64' title='bbox 1674 1417 1925 1475; x_wconf 84' lang='lat' dir='ltr'><strong>victum:</strong></span> 
     </span>
    </p>

    <p class='ocr_par' dir='ltr' id='par_1_7' title="bbox 350 1502 2119 1832">
     <span class='ocr_line' id='line_1_14' title="bbox 350 1502 2024 1577; baseline -0.003 -13"><span class='ocrx_word' id='word_1_65' title='bbox 350 1505 509 1565; x_wconf 85' lang='lat' dir='ltr'><strong>Aevi</strong></span> <span class='ocrx_word' id='word_1_66' title='bbox 543 1503 922 1576; x_wconf 82' lang='lat' dir='ltr'><strong>adolescens,</strong></span> <span class='ocrx_word' id='word_1_67' title='bbox 965 1503 1442 1577; x_wconf 86' lang='lat' dir='ltr'><strong>Brumorumque</strong></span> <span class='ocrx_word' id='word_1_68' title='bbox 1488 1502 1738 1574; x_wconf 79' lang='lat' dir='ltr'><strong>sodalis,</strong></span> <span class='ocrx_word' id='word_1_69' title='bbox 1784 1502 2024 1560; x_wconf 85' lang='lat' dir='ltr'><strong>honora</strong></span> 
     </span>
     <span class='ocr_line' id='line_1_15' title="bbox 351 1583 2022 1667; baseline -0.002 -19"><span class='ocrx_word' id='word_1_70' title='bbox 351 1590 565 1662; x_wconf 81' lang='lat' dir='ltr'><strong>Lucia,</strong></span> <span class='ocrx_word' id='word_1_71' title='bbox 610 1589 1016 1667; x_wconf 81' lang='lat' dir='ltr'><strong>taedigerens‚</strong></span> <span class='ocrx_word' id='word_1_72' title='bbox 1060 1607 1396 1646; x_wconf 81' lang='lat' dir='ltr'><strong>messorum</strong></span> <span class='ocrx_word' id='word_1_73' title='bbox 1441 1583 1681 1645; x_wconf 87' lang='lat' dir='ltr'><strong>falcibu’</strong></span> <span class='ocrx_word' id='word_1_74' title='bbox 1728 1587 2022 1664; x_wconf 86' lang='lat' dir='ltr'><strong>gaudens.</strong></span> 
     </span>
     <span class='ocr_line' id='line_1_16' title="bbox 355 1667 2119 1750; baseline -0.001 -17"><span class='ocrx_word' id='word_1_75' title='bbox 355 1673 633 1733; x_wconf 88' lang='lat' dir='ltr'><strong>Tellumo</strong></span> <span class='ocrx_word' id='word_1_76' title='bbox 678 1682 762 1747; x_wconf 78' lang='lat' dir='ltr'><strong>tu,</strong></span> <span class='ocrx_word' id='word_1_77' title='bbox 801 1682 984 1750; x_wconf 88' lang='lat' dir='ltr'><strong>tuque</strong></span> <span class='ocrx_word' id='word_1_78' title='bbox 1027 1673 1306 1745; x_wconf 77' lang='lat' dir='ltr'><strong>illustriS‚</strong></span> <span class='ocrx_word' id='word_1_79' title='bbox 1351 1680 1532 1745; x_wconf 86' lang='lat' dir='ltr'><strong>tuque</strong></span> <span class='ocrx_word' id='word_1_80' title='bbox 1575 1667 1840 1730; x_wconf 89' lang='lat' dir='ltr'><strong>omnibu’</strong></span> <span class='ocrx_word' id='word_1_81' title='bbox 1883 1672 2119 1745; x_wconf 79' lang='lat' dir='ltr'><strong>ridenS,</strong></span> 
     </span>
     <span class='ocr_line' id='line_1_17' title="bbox 351 1756 1924 1832; baseline -0.003 -14"><span class='ocrx_word' id='word_1_82' title='bbox 351 1758 715 1832; x_wconf 84' lang='lat' dir='ltr'><strong>Proletaria‚</strong></span> <span class='ocrx_word' id='word_1_83' title='bbox 761 1778 974 1818; x_wconf 86' lang='lat' dir='ltr'><strong>amans</strong></span> <span class='ocrx_word' id='word_1_84' title='bbox 1014 1766 1214 1830; x_wconf 75' lang='lat' dir='ltr'><strong>natae,</strong></span> <span class='ocrx_word' id='word_1_85' title='bbox 1257 1758 1395 1815; x_wconf 85' lang='lat' dir='ltr'><strong>Dea</strong></span> <span class='ocrx_word' id='word_1_86' title='bbox 1434 1756 1656 1813; x_wconf 84' lang='lat' dir='ltr'><strong>Rumia</strong></span> <span class='ocrx_word' id='word_1_87' title='bbox 1702 1756 1924 1829; x_wconf 81' lang='lat' dir='ltr'><strong>nutrix,</strong></span> 
     </span>
    </p>

    <p class='ocr_par' dir='ltr' id='par_1_8' title="bbox 352 1841 2186 2429">
     <span class='ocr_line' id='line_1_18' title="bbox 356 1841 2012 1921; baseline -0.001 -19"><span class='ocrx_word' id='word_1_88' title='bbox 356 1844 526 1918; x_wconf 78' lang='lat' dir='ltr'><strong>Quae</strong></span> <span class='ocrx_word' id='word_1_89' title='bbox 570 1845 806 1921; x_wconf 87' lang='lat' dir='ltr'><strong>biiuges</strong></span> <span class='ocrx_word' id='word_1_90' title='bbox 849 1845 1060 1921; x_wconf 87' lang='lat' dir='ltr'><strong>auriga</strong></span> <span class='ocrx_word' id='word_1_91' title='bbox 1100 1844 1319 1920; x_wconf 89' lang='lat' dir='ltr'><strong>iugans</strong></span> <span class='ocrx_word' id='word_1_92' title='bbox 1376 1841 1453 1898; x_wconf 86' lang='lat' dir='ltr'><strong>ad</strong></span> <span class='ocrx_word' id='word_1_93' title='bbox 1495 1841 1670 1898; x_wconf 87' lang='lat' dir='ltr'><strong>frena</strong></span> <span class='ocrx_word' id='word_1_94' title='bbox 1714 1841 2012 1914; x_wconf 81' lang='lat' dir='ltr'><strong>colubras,</strong></span> 
     </span>
     <span class='ocr_line' id='line_1_19' title="bbox 355 1926 1926 1988; baseline -0.001 -1"><span class='ocrx_word' id='word_1_95' title='bbox 355 1931 669 1988; x_wconf 75' lang='lat' dir='ltr'><strong>Amfracm</strong></span> <span class='ocrx_word' id='word_1_96' title='bbox 711 1930 989 1987; x_wconf 86' lang='lat' dir='ltr'><strong>circaneo</strong></span> <span class='ocrx_word' id='word_1_97' title='bbox 1039 1946 1185 1986; x_wconf 86' lang='lat' dir='ltr'><strong>ovas</strong></span> <span class='ocrx_word' id='word_1_98' title='bbox 1233 1936 1338 1984; x_wconf 90' lang='lat' dir='ltr'><strong>tua</strong></span> <span class='ocrx_word' id='word_1_99' title='bbox 1378 1945 1475 1982; x_wconf 88' lang='lat' dir='ltr'><strong>am</strong></span> <span class='ocrx_word' id='word_1_100' title='bbox 1521 1926 1657 1985; x_wconf 86' lang='lat' dir='ltr'><strong>sola</strong></span> <span class='ocrx_word' id='word_1_101' title='bbox 1696 1933 1926 1985; x_wconf 84' lang='lat' dir='ltr'><strong>sancta.</strong></span> 
     </span>
     <span class='ocr_line' id='line_1_20' title="bbox 352 2011 2186 2092; baseline -0.003 -19"><span class='ocrx_word' id='word_1_102' title='bbox 352 2014 657 2092; x_wconf 81' lang='lat' dir='ltr'><strong>Unigena‚</strong></span> <span class='ocrx_word' id='word_1_103' title='bbox 692 2021 751 2070; x_wconf 90' lang='lat' dir='ltr'><strong>et</strong></span> <span class='ocrx_word' id='word_1_104' title='bbox 778 2014 968 2084; x_wconf 78' lang='lat' dir='ltr'><strong>forda,</strong></span> <span class='ocrx_word' id='word_1_105' title='bbox 998 2021 1176 2086; x_wconf 85' lang='lat' dir='ltr'><strong>atque</strong></span> <span class='ocrx_word' id='word_1_106' title='bbox 1202 2011 1509 2068; x_wconf 89' lang='lat' dir='ltr'><strong>hominum</strong></span> <span class='ocrx_word' id='word_1_107' title='bbox 1548 2012 1984 2089; x_wconf 88' lang='lat' dir='ltr'><strong>augustissima</strong></span> <span class='ocrx_word' id='word_1_108' title='bbox 2018 2029 2186 2085; x_wconf 84' lang='lat' dir='ltr'><strong>cura,</strong></span> 
     </span>
     <span class='ocr_line' id='line_1_21' title="bbox 358 2096 2067 2175; baseline 0.001 -19"><span class='ocrx_word' id='word_1_109' title='bbox 358 2099 521 2175; x_wconf 83' lang='lat' dir='ltr'><strong>Quoi</strong></span> <span class='ocrx_word' id='word_1_110' title='bbox 569 2107 707 2158; x_wconf 89' lang='lat' dir='ltr'><strong>sunt</strong></span> <span class='ocrx_word' id='word_1_111' title='bbox 753 2100 1077 2174; x_wconf 86' lang='lat' dir='ltr'><strong>omnigena</strong></span> <span class='ocrx_word' id='word_1_112' title='bbox 1112 2106 1174 2154; x_wconf 90' lang='lat' dir='ltr'><strong>et</strong></span> <span class='ocrx_word' id='word_1_113' title='bbox 1215 2098 1363 2172; x_wconf 90' lang='lat' dir='ltr'><strong>quoi</strong></span> <span class='ocrx_word' id='word_1_114' title='bbox 1405 2097 1844 2174; x_wconf 86' lang='lat' dir='ltr'><strong>frugiparentia</strong></span> <span class='ocrx_word' id='word_1_115' title='bbox 1883 2096 2067 2157; x_wconf 85' lang='lat' dir='ltr'><strong>volta.</strong></span> 
     </span>
     <span class='ocr_line' id='line_1_22' title="bbox 355 2182 2184 2260; baseline 0 -18"><span class='ocrx_word' id='word_1_116' title='bbox 355 2185 517 2260; x_wconf 89' lang='lat' dir='ltr'><strong>Ergo</strong></span> <span class='ocrx_word' id='word_1_117' title='bbox 564 2184 680 2240; x_wconf 87' lang='lat' dir='ltr'><strong>huc</strong></span> <span class='ocrx_word' id='word_1_118' title='bbox 731 2183 1132 2259; x_wconf 86' lang='lat' dir='ltr'><strong>spicigerente</strong></span> <span class='ocrx_word' id='word_1_119' title='bbox 1174 2199 1543 2259; x_wconf 77' lang='lat' dir='ltr'><strong>gravescens</strong></span> <span class='ocrx_word' id='word_1_120' title='bbox 1586 2201 1833 2240; x_wconf 86' lang='lat' dir='ltr'><strong>munere</strong></span> <span class='ocrx_word' id='word_1_121' title='bbox 1864 2182 2184 2254; x_wconf 86' lang='lat' dir='ltr'><strong>adesdum,</strong></span> 
     </span>
     <span class='ocr_line' id='line_1_23' title="bbox 355 2268 1855 2345; baseline -0.003 -17"><span class='ocrx_word' id='word_1_122' title='bbox 355 2268 683 2328; x_wconf 86' lang='lat' dir='ltr'><strong>Adducens</strong></span> <span class='ocrx_word' id='word_1_123' title='bbox 724 2287 940 2345; x_wconf 90' lang='lat' dir='ltr'><strong>pacem</strong></span> <span class='ocrx_word' id='word_1_124' title='bbox 989 2275 1049 2325; x_wconf 88' lang='lat' dir='ltr'><strong>et</strong></span> <span class='ocrx_word' id='word_1_125' title='bbox 1090 2268 1292 2345; x_wconf 88' lang='lat' dir='ltr'><strong>legum</strong></span> <span class='ocrx_word' id='word_1_126' title='bbox 1338 2268 1666 2325; x_wconf 89' lang='lat' dir='ltr'><strong>concordia</strong></span> <span class='ocrx_word' id='word_1_127' title='bbox 1702 2268 1855 2340; x_wconf 83' lang='lat' dir='ltr'><strong>iura,</strong></span> 
     </span>
     <span class='ocr_line' id='line_1_24' title="bbox 355 2351 2079 2429; baseline -0.001 -16"><span class='ocrx_word' id='word_1_128' title='bbox 355 2354 698 2428; x_wconf 85' lang='lat' dir='ltr'><strong>Fertileque</strong></span> <span class='ocrx_word' id='word_1_129' title='bbox 740 2355 891 2412; x_wconf 88' lang='lat' dir='ltr'><strong>uber</strong></span> <span class='ocrx_word' id='word_1_130' title='bbox 932 2372 1139 2429; x_wconf 69' lang='lat' dir='ltr'><strong>opum,</strong></span> <span class='ocrx_word' id='word_1_131' title='bbox 1191 2361 1254 2409; x_wconf 90' lang='lat' dir='ltr'><strong>et</strong></span> <span class='ocrx_word' id='word_1_132' title='bbox 1289 2351 1589 2428; x_wconf 87' lang='lat' dir='ltr'><strong>pollentia</strong></span> <span class='ocrx_word' id='word_1_133' title='bbox 1632 2352 1796 2410; x_wconf 89' lang='lat' dir='ltr'><strong>dona</strong></span> <span class='ocrx_word' id='word_1_134' title='bbox 1840 2353 2079 2411; x_wconf 86' lang='lat' dir='ltr'><strong>salutis.</strong></span> 
     </span>
    </p>
   </div>
   <div class='ocr_carea' id='block_1_5' title="bbox 289 2522 2186 3431">
    <p class='ocr_par' dir='ltr' id='par_1_9' title="bbox 289 2522 2186 2933">
     <span class='ocr_line' id='line_1_25' title="bbox 289 2522 1906 2597; baseline -0.003 -15"><span class='ocrx_word' id='word_1_135' title='bbox 289 2582 295 2588; x_wconf 81' lang='grc'>,</span> <span class='ocrx_word' id='word_1_136' title='bbox 360 2526 441 2582; x_wconf 76' lang='grc'><strong>40</strong></span> <span class='ocrx_word' id='word_1_137' title='bbox 662 2524 1015 2597; x_wconf 80' lang='lat' dir='ltr'><strong>Empandae</strong></span> <span class='ocrx_word' id='word_1_138' title='bbox 1050 2525 1253 2579; x_wconf 74' lang='lat' dir='ltr'><strong>matris</strong></span> <span class='ocrx_word' id='word_1_139' title='bbox 1295 2522 1576 2596; x_wconf 75' lang='lat' dir='ltr'><strong>suffimen,</strong></span> <span class='ocrx_word' id='word_1_140' title='bbox 1623 2531 1906 2579; x_wconf 81' lang='lat' dir='ltr'><strong>aromata.</strong></span> 
     </span>
     <span class='ocr_line' id='line_1_26' title="bbox 360 2605 2036 2684; baseline -0.004 -15"><span class='ocrx_word' id='word_1_141' title='bbox 360 2609 767 2684; x_wconf 88' lang='lat' dir='ltr'><strong>Omnipotens</strong></span> <span class='ocrx_word' id='word_1_142' title='bbox 808 2606 1127 2683; x_wconf 88' lang='lat' dir='ltr'><strong>Empanda</strong></span> <span class='ocrx_word' id='word_1_143' title='bbox 1165 2624 1412 2682; x_wconf 68' lang='lat' dir='ltr'><strong>parem,</strong></span> <span class='ocrx_word' id='word_1_144' title='bbox 1457 2605 1849 2664; x_wconf 89' lang='lat' dir='ltr'><strong>celeberrima</strong></span> <span class='ocrx_word' id='word_1_145' title='bbox 1891 2605 2036 2677; x_wconf 82' lang='lat' dir='ltr'><strong>Dia,</strong></span> 
     </span>
     <span class='ocr_line' id='line_1_27' title="bbox 356 2691 2186 2770; baseline -0.003 -18"><span class='ocrx_word' id='word_1_146' title='bbox 356 2696 552 2752; x_wconf 82' lang='lat' dir='ltr'><strong>Mater</strong></span> <span class='ocrx_word' id='word_1_147' title='bbox 581 2691 1098 2770; x_wconf 73' lang='lat' dir='ltr'><strong>Goeligenumque</strong></span> <span class='ocrx_word' id='word_1_148' title='bbox 1120 2691 1344 2762; x_wconf 75' lang='lat' dir='ltr'><strong>Deum,</strong></span> <span class='ocrx_word' id='word_1_149' title='bbox 1385 2698 1444 2747; x_wconf 92' lang='lat' dir='ltr'><strong>et</strong></span> <span class='ocrx_word' id='word_1_150' title='bbox 1469 2691 1804 2748; x_wconf 86' lang='lat' dir='ltr'><strong>mortalium</strong></span> <span class='ocrx_word' id='word_1_151' title='bbox 1826 2691 2186 2762; x_wconf 87' lang='lat' dir='ltr'><strong>homonum,</strong></span> 
     </span>
     <span class='ocr_line' id='line_1_28' title="bbox 358 2775 1860 2851; baseline -0.003 -14"><span class='ocrx_word' id='word_1_152' title='bbox 358 2777 530 2851; x_wconf 79' lang='lat' dir='ltr'><strong>Quae</strong></span> <span class='ocrx_word' id='word_1_153' title='bbox 575 2776 718 2836; x_wconf 92' lang='lat' dir='ltr'><strong>olim</strong></span> <span class='ocrx_word' id='word_1_154' title='bbox 766 2795 975 2835; x_wconf 86' lang='lat' dir='ltr'><strong>errans</strong></span> <span class='ocrx_word' id='word_1_155' title='bbox 1022 2775 1326 2834; x_wconf 85' lang='lat' dir='ltr'><strong>desiderio</strong></span> <span class='ocrx_word' id='word_1_156' title='bbox 1369 2777 1609 2851; x_wconf 87' lang='lat' dir='ltr'><strong>perfixa</strong></span> <span class='ocrx_word' id='word_1_157' title='bbox 1645 2776 1860 2834; x_wconf 88' lang='lat' dir='ltr'><strong>nitenti</strong></span> 
     </span>
     <span class='ocr_line' id='line_1_29' title="bbox 361 2860 1623 2933; baseline -0.004 -10"><span class='ocrx_word' id='word_1_158' title='bbox 361 2862 576 2924; x_wconf 86' lang='lat' dir='ltr'><strong>Solata</strong></span> <span class='ocrx_word' id='word_1_159' title='bbox 617 2882 682 2921; x_wconf 90' lang='lat' dir='ltr'><strong>es</strong></span> <span class='ocrx_word' id='word_1_160' title='bbox 727 2863 790 2919; x_wconf 92' lang='lat' dir='ltr'><strong>in</strong></span> <span class='ocrx_word' id='word_1_161' title='bbox 828 2861 1137 2920; x_wconf 87' lang='lat' dir='ltr'><strong>Eleusinis</strong></span> <span class='ocrx_word' id='word_1_162' title='bbox 1178 2860 1407 2918; x_wconf 89' lang='lat' dir='ltr'><strong>ieiunia</strong></span> <span class='ocrx_word' id='word_1_163' title='bbox 1442 2860 1623 2933; x_wconf 79' lang='lat' dir='ltr'><strong>valle,</strong></span> 
     </span>
    </p>

    <p class='ocr_par' dir='ltr' id='par_1_10' title="bbox 357 2945 2076 3177">
     <span class='ocr_line' id='line_1_30' title="bbox 357 2945 2064 3022; baseline -0.003 -15"><span class='ocrx_word' id='word_1_164' title='bbox 357 2950 560 3008; x_wconf 83' lang='lat' dir='ltr'><strong>Furva</strong></span> <span class='ocrx_word' id='word_1_165' title='bbox 604 2948 815 3006; x_wconf 90' lang='lat' dir='ltr'><strong>obiens</strong></span> <span class='ocrx_word' id='word_1_166' title='bbox 860 2946 1272 3022; x_wconf 87' lang='lat' dir='ltr'><strong>Proserpinae</strong></span> <span class='ocrx_word' id='word_1_167' title='bbox 1317 2945 1748 3021; x_wconf 88' lang='lat' dir='ltr'><strong>omnipotentis</strong></span> <span class='ocrx_word' id='word_1_168' title='bbox 1795 2950 2064 3017; x_wconf 82' lang='lat' dir='ltr'><strong>Averna,</strong></span> 
     </span>
     <span class='ocr_line' id='line_1_31' title="bbox 357 3029 2076 3111; baseline -0.003 -20"><span class='ocrx_word' id='word_1_169' title='bbox 357 3034 506 3111; x_wconf 90' lang='lat' dir='ltr'><strong>Ipsa</strong></span> <span class='ocrx_word' id='word_1_170' title='bbox 551 3034 761 3091; x_wconf 87' lang='lat' dir='ltr'><strong>ducem</strong></span> <span class='ocrx_word' id='word_1_171' title='bbox 805 3032 1121 3090; x_wconf 86' lang='lat' dir='ltr'><strong>offendens</strong></span> <span class='ocrx_word' id='word_1_172' title='bbox 1164 3051 1381 3109; x_wconf 90' lang='lat' dir='ltr'><strong>purum</strong></span> <span class='ocrx_word' id='word_1_173' title='bbox 1422 3037 1547 3089; x_wconf 91' lang='lat' dir='ltr'><strong>non</strong></span> <span class='ocrx_word' id='word_1_174' title='bbox 1589 3050 1741 3106; x_wconf 86' lang='lat' dir='ltr'><strong>pura</strong></span> <span class='ocrx_word' id='word_1_175' title='bbox 1784 3029 2076 3106; x_wconf 80' lang='lat' dir='ltr'><strong>puellum,</strong></span> 
     </span>
     <span class='ocr_line' id='line_1_32' title="bbox 359 3116 1862 3177; baseline -0.003 0"><span class='ocrx_word' id='word_1_176' title='bbox 359 3117 726 3177; x_wconf 86' lang='lat' dir='ltr'><strong>Narrantem</strong></span> <span class='ocrx_word' id='word_1_177' title='bbox 768 3117 989 3175; x_wconf 89' lang='lat' dir='ltr'><strong>inferni</strong></span> <span class='ocrx_word' id='word_1_178' title='bbox 1031 3117 1336 3174; x_wconf 86' lang='lat' dir='ltr'><strong>connubia</strong></span> <span class='ocrx_word' id='word_1_179' title='bbox 1376 3116 1605 3175; x_wconf 87' lang='lat' dir='ltr'><strong>Diiovi’</strong></span> <span class='ocrx_word' id='word_1_180' title='bbox 1649 3116 1862 3174; x_wconf 84' lang='lat' dir='ltr'><strong>sancti.</strong></span> 
     </span>
    </p>

    <p class='ocr_par' dir='ltr' id='par_1_11' title="bbox 361 3199 2097 3431">
     <span class='ocr_line' id='line_1_33' title="bbox 361 3199 2097 3277; baseline -0.002 -15"><span class='ocrx_word' id='word_1_181' title='bbox 361 3201 533 3275; x_wconf 81' lang='lat' dir='ltr'><strong>Quae</strong></span> <span class='ocrx_word' id='word_1_182' title='bbox 585 3202 851 3262; x_wconf 83' lang='lat' dir='ltr'><strong>Consum</strong></span> <span class='ocrx_word' id='word_1_183' title='bbox 892 3202 1056 3277; x_wconf 85' lang='lat' dir='ltr'><strong>paris</strong></span> <span class='ocrx_word' id='word_1_184' title='bbox 1098 3200 1217 3258; x_wconf 84' lang='lat' dir='ltr'><strong>icta</strong></span> <span class='ocrx_word' id='word_1_185' title='bbox 1259 3200 1505 3258; x_wconf 89' lang='lat' dir='ltr'><strong>humani</strong></span> <span class='ocrx_word' id='word_1_186' title='bbox 1543 3200 1795 3260; x_wconf 80' lang='lat' dir='ltr'><strong>volnere</strong></span> <span class='ocrx_word' id='word_1_187' title='bbox 1839 3199 2097 3259; x_wconf 78' lang='lat' dir='ltr'><strong>amoris.</strong></span> 
     </span>
     <span class='ocr_line' id='line_1_34' title="bbox 361 3278 1936 3363; baseline -0.003 -17"><span class='ocrx_word' id='word_1_188' title='bbox 361 3288 455 3346; x_wconf 88' lang='lat' dir='ltr'><strong>Te</strong></span> <span class='ocrx_word' id='word_1_189' title='bbox 497 3287 746 3346; x_wconf 90' lang='lat' dir='ltr'><strong>multum</strong></span> <span class='ocrx_word' id='word_1_190' title='bbox 786 3287 979 3345; x_wconf 83' lang='lat' dir='ltr'><strong>votita</strong></span> <span class='ocrx_word' id='word_1_191' title='bbox 1013 3305 1233 3363; x_wconf 82' lang='lat' dir='ltr'><strong>precor</strong></span> <span class='ocrx_word' id='word_1_192' title='bbox 1272 3284 1668 3345; x_wconf 84' lang='lat' dir='ltr'><strong>sanctissima</strong></span> <span class='ocrx_word' id='word_1_193' title='bbox 1692 3278 1936 3356; x_wconf 61' lang='lat' dir='ltr'><strong>mater,⁴</strong></span> 
     </span>
     <span class='ocr_line' id='line_1_35' title="bbox 362 3368 1825 3431; baseline -0.002 0"><span class='ocrx_word' id='word_1_194' title='bbox 362 3372 501 3431; x_wconf 88' lang='lat' dir='ltr'><strong>Huc</strong></span> <span class='ocrx_word' id='word_1_195' title='bbox 540 3380 645 3430; x_wconf 88' lang='lat' dir='ltr'><strong>tuo</strong></span> <span class='ocrx_word' id='word_1_196' title='bbox 687 3372 1013 3430; x_wconf 86' lang='lat' dir='ltr'><strong>adventare</strong></span> <span class='ocrx_word' id='word_1_197' title='bbox 1056 3372 1358 3431; x_wconf 86' lang='lat' dir='ltr'><strong>faventem</strong></span> <span class='ocrx_word' id='word_1_198' title='bbox 1403 3371 1504 3428; x_wconf 88' lang='lat' dir='ltr'><strong>dia</strong></span> <span class='ocrx_word' id='word_1_199' title='bbox 1546 3368 1825 3429; x_wconf 85' lang='lat' dir='ltr'><strong>Camillo.</strong></span> 
     </span>
    </p>
   </div>
  </div>
 </body>
</html>
