2452 4186
1192 275 1316 335 354

201 445 306 499 840
341 445 638 505 Messon-is
681 451 880 501 autem
930 444 1136 501 secula
1181 445 1493 504 necabitur

262 559 265 564 ’
340 532 717 590 Exenterato
762 528 957 604 turpis
1003 548 1146 586 orca
1187 530 1440 602 viscere,

341 614 643 674 Mustelae
682 612 955 671 alumnos
1000 615 1102 688 qui
1148 614 1596 673 caballimilites

343 698 791 763 Cervicimatris
838 698 1193 758 saxifrontis
1241 699 1497 771 extudit,

345 783 763 857 Hominesque
810 782 1034 842 durans
1083 792 1290 842 suetus
1338 804 1375 841 a
1413 785 1672 861 vestigio

204 866 307 922 845
341 871 636 930 Formare
682 876 911 927 statuas
954 868 1267 926 involucro
1304 869 1643 942 marmoris,

345 954 553 1032 sagax
595 953 888 1011 tricaccae
932 953 1150 1010 lucifur
1192 954 1522 1012 custodiae.

344 1039 590 1097 Videbit
633 1045 805 1097 aestu
844 1057 997 1113 quae
1037 1038 1311 1115 rigantur
1355 1040 1584 1116 iugera,

341 1125 615 1201 Asbysta
655 1122 923 1194 flumina,
964 1130 1142 1196 atque
1185 1124 1364 1182 humo
1408 1123 1785 1182 stertentium

345 1208 550 1269 Cubas
596 1209 856 1278 olentes,
902 1208 1367 1282 conquiniscens
1413 1208 1648 1267 bestiis,

206 1293 311 1345 850
349 1296 523 1370 Quae
565 1304 776 1352 cuncta
819 1292 1008 1350 obibit
1052 1302 1301 1369 propter
1339 1293 1624 1370 Argivam
1663 1293 1887 1370 lupam,

346 1380 646 1438 Triviram
692 1377 956 1453 puellam
997 1378 1586 1455 feminipuerperam.

343 1466 757 1542 Iapygumque
800 1463 988 1520 adibit
1030 1483 1162 1522 erro
1214 1464 1564 1536 exercitum,

342 1551 654 1624 Ponetque
696 1548 921 1605 donum
961 1548 1177 1624 vi'rgini
1219 1548 1550 1620 Feretriae,

344 1635 561 1694 Ancilc
607 1641 838 1691 scutum
885 1641 943 1690 et
981 1633 1252 1690 hirneam
1296 1632 1664 1704 Temesiam,

209 1721 313 1775 855
351 1718 621 1795 Sponsae
657 1718 936 1777 nocentis
982 1737 1363 1794 cernuosque
1409 1718 1685 1776 mulleos·

352 1803 633 1878 Sirinque
683 1803 873 1860 adibit
918 1812 977 1860 et
1015 1803 1269 1860 Lacinia
1312 1804 1519 1874 ardua,

347 1889 420 1947 In
468 1888 640 1962 queis
690 1888 941 1946 iuvenca
985 1888 1284 1945 consitum
1330 1887 1630 1946 Feroniae

346 1972 520 2031 Deae
563 1974 848 2029 Monetae
897 1973 1284 2048 praeparabit
1324 1973 1649 2030 hortulum:

347 2058 428 2117 Et
469 2056 711 2115 feminis
755 2056 858 2113 lex
906 2074 1144 2131 semper
1187 2057 1491 2134 indigenis
1532 2059 1643 2116 erit

210 2138 313 2194 860
351 2141 632 2201 Cubitum
676 2144 982 2199 novenum
1027 2142 1171 2198 flere
1216 2143 1454 2199 tertium
1502 2143 1686 2202 Aeaci

349 2229 429 2286 Et
468 2226 752 2298 Doridis,
798 2226 1026 2283 fulmen
1072 2227 1258 2284 duelli
1300 2228 1524 2300 Martii,

349 2312 482 2371 Nec
515 2329 736 2388 corpus
780 2331 928 2369 auro
965 2312 1275 2388 perpolire
1310 2314 1598 2385 vinulum,

348 2397 481 2456 Nec
522 2398 683 2455 ferre
727 2397 1013 2456 membris
1058 2397 1318 2456 delicata
1361 2398 1553 2475 pallia

352 2482 611 2543 Sandice
650 2482 861 2557 pictas,
905 2482 1038 2539 ideo
1082 2484 1236 2556 quod
1278 2483 1452 2542 divae
1488 2483 1601 2539 dea

213 2567 318 2622 865
353 2566 582 2625 Terrae
627 2585 907 2624 cacumen
949 2576 1297 2625 muneratur
1326 2569 1566 2625 arduae.

350 2652 703 2730 Pugilisque
722 2652 876 2709 tauri
895 2652 957 2710 in
980 2651 1290 2728 Sospitam
1311 2653 1701 2711 certaminum
1741 2647 2113 2724 [inhospitam
2125 2649 2176 2723 ἓ]

349 2741 615 2797 Arenam
658 2737 866 2810 adibit,
909 2756 1087 2812 quem
1127 2747 1291 2795 creat
1328 2737 1611 2796 Libentia

354 2823 659 2894 Mancina,
702 2840 964 2898 regnans
1013 2841 1152 2879 arce
1198 2824 1471 2901 Longuri
1519 2822 1700 2892 edita,

354 2906 697 2968 Saturniam
742 2907 1097 2981 falcemque,
1146 2907 1578 2983 Concheaeque
1624 2922 1811 2980 aquas

214 3000 318 3054 870
350 2993 647 3065 Ventans,
691 2990 1145 3066 Gonusamque,
1204 3002 1385 3069 atque
1432 2991 1714 3067 Sicanum
1759 3008 2046 3064 aequora,

353 3079 432 3135 Et
481 3077 706 3154 templa
748 3077 911 3134 crudi
948 3077 1111 3153 pelle
1156 3079 1358 3136 vestiti
1395 3078 1546 3154 lupi,

357 3163 531 3237 Quae
568 3161 870 3236 quondam
914 3162 1189 3221 alumnus
1239 3162 1481 3223 Crethei
1532 3160 1851 3238 appellens
1900 3167 2094 3217 ratem

355 3245 509 3305 Cum
552 3255 729 3324 gente
772 3247 1204 3323 quinquaginta
1248 3257 1564 3306 nautarum
1611 3244 1829 3303 edidit:

354 3332 745 3407 Minyumque
794 3332 943 3390 salsi
985 3332 1117 3407 ripa
1161 3335 1429 3392 servabit
1467 3332 1648 3390 maris

218 3419 320 3473 875
357 3414 740 3494 Strigmenta,
786 3436 940 3490 quae
985 3435 1096 3474 nec
1142 3417 1333 3476 diluet
1371 3417 1630 3487 Venilia,

356 3500 490 3559 Nec
534 3499 848 3559 abluentes
893 3502 1176 3560 imbricae
1221 3505 1477 3582 ningues
1518 3502 1637 3561 diu.
