2452 4186
1059 297 1147 356 65

264 465 506 540 Ingenii
553 464 795 540 excepit
836 464 1043 524 indole
1089 475 1269 543 capta
1309 467 1427 525 tui:

195 547 261 605 Et
303 549 510 626 legum
561 549 777 608 studiis
823 550 1086 608 animum
1131 552 1453 609 emendare
1494 554 1722 611 severis

265 633 431 691 Dum
475 642 674 711 parat,
716 635 868 692 haec
906 636 1087 693 tacito
1129 637 1315 695 verba
1362 636 1562 694 dolore
1608 637 1801 696 dedit:

196 717 241 777 Ο
283 728 612 795 praestans
659 720 865 792 animi,
915 721 1111 798 gentis
1157 740 1304 798 spes
1353 739 1587 781 summa
1636 721 1952 796 Thuanae,

268 802 338 863 Si
384 822 506 880 qua
545 805 699 862 Fata
741 806 1022 882 sinant[,]
1064 816 1127 863 tu
1163 826 1410 882 quoque
1450 825 1705 883 magnus
1747 808 1886 868 eris.

196 885 340 947 Sunt
380 890 683 964 quaedam
722 889 918 967 leges,
963 901 1022 948 et
1067 891 1458 950 ineluctabile
1492 911 1692 950 rerum
1789 934 1796 941 ι

265 974 533 1045 Foedus,
574 984 635 1031 et
672 975 797 1051 ipsi
836 976 986 1033 adeo
1026 976 1158 1032 iura
1202 977 1518 1034 tremenda
1555 977 1724 1034 Ioviz

196 1057 359 1134 Quae
405 1059 517 1116 tibi
565 1060 879 1131 crescenti,
919 1061 1272 1136 coeptisque
1319 1062 1665 1138 ingentibus
1705 1061 1968 1137 obstant.

264 1145 363 1202 Ah
416 1145 705 1215 sinerent,
749 1163 903 1220 quae
947 1145 1103 1218 laus,
1150 1156 1378 1219 quanta
1414 1147 1649 1205 futurus
1701 1151 1868 1207 eras!

195 1227 412 1285 Verum
454 1229 754 1304 primitias
800 1231 989 1287 nostri
1036 1249 1195 1287 nunc
1232 1231 1340 1288 illa
1382 1231 1628 1302 laboris,

266 1315 349 1371 Et
394 1332 632 1371 messes
681 1323 1009 1390 properant
1053 1334 1225 1373 urere
1273 1335 1459 1373 saeva
1494 1334 1683 1373 meas.

195 1398 431 1456 Interea
470 1399 866 1472 quodcunque
906 1419 1042 1457 meo
1088 1401 1161 1457 de
1206 1418 1456 1458 munere
1500 1409 1709 1471 restat,

268 1484 362 1555 Id,
409 1483 669 1554 iuvenis,
720 1484 885 1540 laudi
931 1486 1158 1544 serviat
1201 1504 1380 1543 omne
1427 1493 1586 1542 tuae.

196 1567 427 1645 Ingenii
467 1568 663 1640 dotes,
711 1565 883 1627 mens
927 1570 1377 1628 consultissima
1424 1589 1644 1641 rerum,

188 1696 191 1697 ν
271 1654 352 1710 Et
392 1653 726 1730 castigatae
778 1655 868 1712 vis
913 1655 1161 1713 rationis
1207 1656 1340 1727 erit,

181 1736 520 1813 ‚Compositi
563 1748 794 1815 gestus,
842 1748 903 1796 et
946 1748 1182 1797 torrens
1230 1742 1405 1816 copia
1439 1740 1626 1812 fandi,

270 1823 350 1881 Et
394 1824 552 1880 bene
594 1842 704 1898 pro
741 1824 993 1900 trepidis
1038 1824 1249 1902 lingua
1290 1826 1517 1884 diserta
1552 1826 1695 1884 reis.

197 1907 304 1968 His
345 1916 408 1964 tu
455 1908 780 1985 praesidiis
822 1911 1070 1982 quaevis
1116 1911 1255 1967 fora
1299 1919 1461 1968 tutus
1503 1910 1680 1967 obito,

273 1994 421 2069 Ipsa
462 1993 791 2068 patefaciet
836 1992 1018 2052 Curia
1063 2014 1285 2071 magna
1330 1996 1489 2052 fores
1502 2016 1518 2065 ;

197 2076 425 2137 Doctus
468 2079 757 2137 honorato
796 2078 982 2137 Pater
1019 2089 1085 2137 ut
1129 2089 1188 2137 te
1237 2081 1499 2157 gaudeat
1542 2079 1709 2151 olim,

273 2165 352 2221 Et
396 2163 561 2220 docti
594 2163 796 2222 Patris
843 2166 1112 2222 maxima
1148 2173 1350 2223 castra
1392 2167 1609 2223 forum.

202 2245 449 2307 Caetera
488 2249 776 2306 Fatorum
819 2250 1042 2307 fuerint
1090 2250 1200 2307 tibi
1244 2251 1374 2307 iure
1418 2258 1669 2327 negata:

275 2333 605 2391 Parcarum
649 2334 853 2393 invitis
895 2335 1133 2411 legibus
1181 2336 1304 2392 ista
1347 2336 1526 2392 feres.

201 2415 330 2475 Non
370 2418 482 2475 tibi
523 2418 756 2493 plebeis
801 2420 1069 2487 sordent·
1095 2420 1399 2477 natalibus
1442 2426 1629 2490 ortuS,

280 2502 411 2559 Nec
453 2503 690 2561 levibus
733 2504 922 2562 titulis
973 2512 1066 2563 est
1110 2514 1214 2561 tua
1254 2503 1407 2560 fulta
1452 2504 1680 2561 domus.

203 2586 331 2659 Illa,
372 2587 751 2646 Parisiacam
794 2597 1071 2666 regerent
1116 2589 1221 2664 qui
1264 2588 1500 2665 legibus
1545 2588 1776 2658 urbem,

280 2672 622 2746 Purpureos
668 2674 905 2749 peperit
944 2682 1187 2748 pectora
1236 2674 1409 2730 docta
1447 2672 1684 2730 Patres.

206 2756 345 2813 Inde
389 2758 801 2834 magistratus,
849 2766 909 2814 et
951 2759 1274 2834 splendida
1317 2758 1578 2828 nomina,
1627 2758 1902 2828 honores,

287 2839 580 2916 Claraque
623 2844 698 2898 ab
744 2843 1060 2900 innumero
1107 2843 1305 2920 gloria
1345 2843 1536 2919 fulget
1579 2862 1710 2900 avo,

210 2924 492 3002 Quaeque
539 2927 703 2984 venit
744 2929 931 2985 virtus
981 2927 1168 2985 multo
1210 2929 1491 3003 quaesita
1534 2927 1758 2998 labore,

287 3011 551 3087 Legibus
590 3012 817 3088 incepit
860 3012 1172 3089 sanguinis
1220 3031 1360 3071 esse
1396 3021 1515 3069 tua.

214 3094 404 3169 Quare
444 3115 579 3173 age,
622 3097 759 3153 dum
804 3098 1001 3153 famae
1041 3097 1239 3171 plenis
1282 3104 1461 3173 potes
1501 3097 1703 3154 omine
1742 3093 1895 3154 velis

289 3181 520 3257 Ingenii
560 3199 813 3258 magnos
862 3181 1228 3258 explicuisse
1270 3183 1474 3239 sinust

215 3262 265 3334 I,
297 3265 549 3337 iuvenis,
592 3267 699 3323 tibi
742 3275 1026 3343 provecto
1070 3267 1188 3322 iam
1231 3266 1428 3323 laudis
1472 3265 1533 3322 in
1575 3265 1759 3322 altum

293 3348 611 3425 Temperet
652 3360 716 3408 ut
759 3370 969 3409 cursus
1016 3370 1161 3408 aura
1204 3350 1470 3407 secunda
1505 3358 1672 3408 tuos:

220 3430 414 3508 Teque
458 3436 603 3493 olim
644 3437 824 3513 patrii
870 3436 1118 3494 miretur
1158 3442 1223 3491 ut
1267 3435 1413 3492 ordo
1463 3432 1672 3493 Senati

298 3516 594 3580 Celtarum
635 3540 852 3598 magno
892 3539 1121 3597 ponere
1164 3520 1299 3577 iura
1342 3519 1492 3578 foro.

1580 3631 1615 3687 5
