2452 4186
1097 326 1218 387 241

231 487 440 557 Μόλις
483 489 758 575 τυράννῳ
801 493 1027 573 προῖκα
1074 491 1423 577 βασιλεύειν
1467 493 1665 576 θέμις.

230 571 483 658 Κέρδος
535 573 811 658 βρότειον
851 576 959 658 τὴν
1001 576 1190 662 τύχην
1232 580 1406 640 ποιεῖ
1445 577 1613 641 θεόν.
1688 627 1695 632 .

231 655 451 742 Σοφὸς
493 664 825 742 φρενοῢται
867 665 1026 723 τοῖσι
1065 666 1184 726 τῶν
1230 660 1426 729 πέλας
1467 667 1697 732 κακοῖς.

231 738 321 807 Τὸ
370 746 497 803 τῶν
539 742 602 804 ἐν
651 744 793 828 ὕψει
832 745 1046 827 πτῶμ’
1092 746 1231 809 ἐπισ
1289 745 1644 809 αλέστατον.

227 823 536 911 Ἔγείρετ’
583 824 745 913 ἔργῳ
788 829 856 892 τὸ
903 832 1115 908 κακὸν,
1165 832 1246 895 ἀλ
1301 830 1317 850 ³
1366 829 1480 893 οὐκ
1521 830 1796 917 ἄρχεται.

228 906 595 994 Ὀλιγοστόν
639 911 764 975 ἐστι
805 913 1010 991 τοῦθ’,
1058 916 1210 999 ὅπερ
1257 919 1458 995 ζῶμεν
1502 917 1658 1000 βίου.

232 992 489 1079 Πάτρας
534 997 864 1080 στερίσκων
912 999 1095 1063 αὑτὸν
1150 1002 1281 1063 ἐστ’
1333 999 1539 1082 ὀρθῶς
1582 1002 1798 1085 φυγάς.

226 1076 453 1143 Ῥέποι
491 1080 548 1162 γ’
600 1080 672 1144 ἄν
719 1083 806 1149 εἰς
845 1082 913 1144 τὸ
960 1086 1168 1166 μωρὸν
1217 1085 1451 1168 εὐήθης
1493 1084 1738 1169 τρόπος.

224 1160 421 1249 Ῥᾷόν
474 1187 591 1249 περ
637 1165 807 1236 αὔξει
851 1164 901 1229 τ’
956 1168 1181 1250 ἀξίωμ’
1233 1170 1272 1252 ἢ
1312 1169 1590 1253 ἄρχεται.

233 1247 422 1311 Ποιεῖ
461 1255 737 1333 προσηνῆ
781 1251 882 1313 καὶ
927 1252 1028 1314 τὸν
1075 1251 1385 1334 ἄγνωστον
1428 1249 1604 1337 τύχη.

233 1330 617 1417 Τοῦγκλημα
656 1341 889 1419 χεῖρον,
929 1336 1139 1418 πρᾶξιν
1183 1339 1259 1421 ἣν
1304 1340 1494 1419 σιγᾷς,
1536 1344 1751 1408 ποιεῖς.

234 1417 489 1487 Ψεῦδος
526 1418 859 1504 κακόφρων
909 1422 1169 1505 διαβολὴ
1212 1424 1448 1506 ψευδὴς
1492 1419 1632 1505 ἔφυ.

231 1500 560 1588 Σύμφησιν
610 1505 866 1582 ἀδικεῖν,
960 1507 1259 1587 υγοδικῶν
1302 1507 1465 1573 ὅστις
1508 1511 1698 1591 κυρεῖ.

222 1583 462 1670 Ὄλβου
509 1591 782 1652 παλαιοῦ
817 1589 1095 1672 θρεμμα,
1139 1591 1442 1653 πλουσίου
1483 1589 1692 1674 χόλος.

237 1669 574 1735 Θάλλουσα
613 1674 798 1736 κακία
837 1674 1181 1760 δυστύχημ’
1230 1676 1471 1739 ἐσθλῶν
1517 1672 1659 1760 ἔφυ.

235 1751 327 1818 Τὰ
366 1757 539 1841 ῥᾷστ’
590 1754 661 1820 ἄν
705 1756 899 1827 οῖσοις
943 1760 1046 1822 καὶ
1088 1760 1164 1823 τὰ
1216 1762 1487 1845 δυσχερῆ
1535 1759 1762 1844 φέρων.

237 1839 462 1925 Φέρειν
512 1840 756 1926 ἄφυκτα
793 1847 914 1905 τῶν
958 1850 1185 1921 κακῶν,
1239 1846 1322 1928 μὴ
1371 1847 1696 1929 λοιδορεῖν.

237 1923 462 2008 Φέρων
508 1927 574 1989 τὸ
624 1928 890 2011 βλάπτον
938 1931 1040 1990 καὶ
1081 1932 1149 1992 τὸ
1191 1931 1511 2012 σύμφορον
1555 1929 1787 2014 φέροις.

237 2005 327 2070 Τὰ
368 2010 612 2074 πλαστὰ
650 2013 806 2096 πρὸς
846 2013 948 2075 τὸν
992 2011 1143 2077 ἴδιον
1188 2014 1260 2077 ἄν
1309 2015 1535 2100 δράμοι
1580 2015 1825 2098 τρόπον.

236 2088 359 2176 Τὴν
402 2096 597 2158 πίστιν
645 2096 757 2160 οὐκ
801 2097 1043 2162 ὀλέσειε
1079 2101 1239 2183 πλὴν
1287 2104 1318 2164 ὁ
1369 2100 1455 2183 μὴ
1502 2098 1688 2185 ἔχων.

239 2175 375 2264 Τέῳ
420 2179 705 2257 πέποιθε,
749 2183 942 2245 πίστιν
986 2184 1149 2253 ὅστις
1191 2186 1462 2261 ὤλεσεν;

238 2259 360 2347 Τὴν
405 2265 599 2327 πίστιν
641 2265 865 2334 ὀλέσας
901 2269 963 2330 τί
1006 2269 1280 2332 ὀλέσειεν
1329 2270 1401 2333 ἂν
1450 2270 1700 2353 πρόσω;

224 2341 411 2413 Ὅθεν
456 2348 606 2433 ἦλθ’
655 2350 953 2435 ὁμόφρων
1005 2354 1219 2425 πίστις,
1265 2354 1378 2416 οὐκ
1419 2353 1763 2437 ἀνέρχεται.

226 2430 482 2518 Ὡραῖον
532 2434 694 2501 εἶδός
740 2434 868 2497 ἐστι
909 2435 1141 2505 ἄλαλος
1192 2437 1498 2505 σύστασις.

240 2515 408 2602 Τύχη
458 2518 748 2604 βροτείων
792 2523 978 2604 κῦρος
1009 2522 1123 2584 οὐκ
1164 2520 1301 2606 ἔχει
1344 2521 1608 2606 τρόπων.

226 2599 458 2687 Ὄλβος
506 2603 696 2686 μέγας
738 2604 1055 2690 δούλευμα
1098 2608 1293 2691 κυρίῳ
1337 2607 1514 2690 μέγα.

239 2684 461 2750 Οὐδενὶ
502 2687 657 2773 τύχη
707 2688 950 2752 δύναιτο
995 2695 1102 2774 τῆς
1146 2693 1377 2776 βουλῆς
1417 2689 1628 2754 πλέον.

236 2769 418 2835 Ποιεῖ
452 2772 811 2855 παραπλῆγ’
858 2775 897 2855 ἡ
947 2775 1099 2860 τύχη
1150 2776 1460 2839 θάλπουσ’
1505 2774 1679 2857 ἄγαν.

224 2849 425 2927 ”Απαξ
473 2856 803 2941 ἐνοχλοῧσ’
850 2856 924 2921 οὔ
963 2883 1077 2922 τινι
1122 2861 1358 2945 στέργει
1400 2861 1576 2945 τύχη.

241 2938 457 3024 Θέλγει
496 2941 651 3025 τύχη
697 2943 972 3005 σαίνουσ’
1022 2944 1165 3007 ὅταν
1210 2946 1252 3007 θ
1301 2950 1497 3029 ρητιᾷ.

236 3019 428 3109 Χάρις
467 3027 732 3088 πολιτῶν
773 3028 926 3111 πρὸς
968 3028 1043 3091 τὰ
1079 3034 1185 3112 τῆς
1224 3053 1417 3116 τυχης
1461 3028 1654 3114 ῥέπει.

238 3104 581 3197 Στίλβουσα
626 3109 932 3193 θραυστόν
983 3113 1140 3175 ἐστιν
1193 3117 1279 3180 ὡς
1326 3117 1505 3182 ὕελος
1547 3114 1725 3198 τύχη.

240 3189 408 3278 Τύχη
460 3196 675 3258 δίδωσι
712 3200 954 3281 χρῆσιν,
1001 3198 1074 3260 οὐ
1122 3199 1329 3278 κτῆσίν
1374 3221 1550 3265 τινος.

242 3357 445 3447 Τύχης
495 3364 799 3451 λαβέσθαι
845 3365 1079 3450 μᾶλλόν
1124 3368 1306 3442 ἐστιν,
1351 3368 1391 3450 ἢ
1435 3370 1698 3450 κρατεῖν.

240 3441 602 3530 Νόσφισμός
640 3450 821 3527 ἐστιν,
862 3451 895 3514 ὃ
947 3452 1061 3516 οὐκ
1106 3449 1177 3515 ἄν
1220 3451 1540 3534 ἀποδοίης,
1572 3452 1802 3536 λαβεῖν.

244 3526 506 3615 Παύρων
549 3535 800 3597 κολούει
845 3540 1023 3618 μῖσος
1063 3538 1104 3620 ἡ
1154 3536 1352 3619 πυκνὴ
1395 3535 1552 3621 δίκη.

1580 3651 1654 3711 16
