2452 4186
1234 307 1354 370 130

379 472 754 558 Ἀρχίλοχον
799 470 1063 539 πατέεις.
1111 470 1330 535 Πολλὰ
1375 472 1707 555 ψεύδονται
1748 467 1972 531 ἀοιδοί.

383 556 686 642 Ἀρχύτου
725 558 1027 640 πλαταγή.
1077 555 1123 619 Γ
1126 558 1251 640 ήρᾳ
1296 554 1484 624 πόνος
1526 554 1678 639 ὄψον
1726 552 1992 636 ἄριστον.

371 643 659 706 ’Άσκοπα
706 640 993 710 τοξεύειν.
1039 639 1217 703 Ἀλλ’
1267 640 1468 707 οὐδεὶς
1510 638 1677 721 ἄμμε
1721 640 1950 700 διώκει.

380 726 693 809 Ἀστραπὴ
745 725 814 788 ἐκ
838 725 1094 788 πυέλου.
1140 722 1322 787 Κακὰ
1356 726 1464 807 μὲν
1510 724 1746 806 θρῖπες,
1786 721 1946 784 κακὰ
1970 718 2211 788 δ’ἷπες.

374 811 683 894 Ἀτρωτος
731 806 1012 877 Καινεύς.
1052 807 1324 893 Ἔφυγον
1365 810 1574 879 κακὸν,
1621 807 1799 892 εὗρον
1853 804 2126 888 ἄμεινον.

380 895 655 962 Ἀττικὸς
702 893 762 954 ἐν
809 892 1028 975 λιμένι.
1072 891 1202 956 Καί
1239 915 1338 960 σοι
1380 894 1579 978 φίλος,
1627 890 1766 955 οὐδ’
1798 891 1938 973 ἐμοὶ
1963 887 2213 973 ἐχθρός.

383 978 651 1060 Αὐγείου
699 976 947 1061 κόπρος.
992 976 1288 1041 Χαλεπὸν
1381 978 1565 1060 ορίων
1609 977 1762 1040 κύνα
1800 978 2038 1057 γεῦσαι.

384 1063 515 1126 A&
595 1065 699 1123 νῦν
748 1062 1004 1146 ἀνθεῖἡ
1057 1066 1279 1145 μοῦσα.
1326 1000 1719 1144 ἕυθωνύμου
1764 1059 2002 1144 αἶσχος.

384 1086 661 1211 Αὐτόθεν
708 1144 813 1207 οὖν
860 1148 1232 1232 κατάβαλλε.
1279 1145 1364 1210 Σὺ
1411 1143 1474 1209 δ’
1519 1146 1646 1231 ᾠόυ
1692 1144 2172 1229 χρυσοχοήσειν.

384 1231 617 1298 Αύτοῖς
645 1231 759 1298 ,καὶ
802 1228 997 1299 Χίοις.
1047 1228 1140 1293 Τὰ
1181 1231 1507 1314 στεμφύλα
1544 1232 1740 1304 δεῖται
1778 1228 2010 1291 ἐλαίου.

383 1316 590 1384 Αὐτὸς
636 1314 779 1399 ἔφα.
825 1313 960 1378 Χύτ
1002 1339 1072 1384 ας
1120 1316 1545 1379 ἐπιδείκνυται.
1585 1315 1785 1399 ’Άρνα
1830 1313 2200 1398 προβάλλει.

383 1402 577 1483 Αὐτῷ
622 1401 899 1484 ψάλλειν.
948 1338 1079 1464 ὅύκ
1107 1400 1305 1484 ”Αρης
1346 1398 1475 1462 ἴδι’“
1507 1400 1670 1463 ὅπλα
1712 1397 1982 1461 σαλεύει.

380 1484 632 1569 Ἀφθᾶς
676 1485 775 1547 σοὶ
817 1485 1144 1568 λελάληκε.
1195 1483 1566 1566 Δικαιοσύνη
1617 1482 1826 1568 μικρόν
1877 1481 2021 1544 ἐστι.

384 1567 741 1654 Ἀχνυμένη
791 1570 1078 1650 σκυτάλη.
1120 1565 1253 1651 Κᾷν
1300 1573 1413 1649 μῦς
1459 1570 1614 1652 δάκῃ
1658 1568 1854 1651 ἄνδρα
1877 1564 2177 1649 πονηρόν.

376 1654 569 1737 Ἀχρι
611 1651 823 1735 κόρου.
870 1650 984 1715 Ζεῖ
1026 1652 1246 1736 χύτρα,
1293 1656 1372 1735 ζῇ
1416 1654 1608 1736 φιλία.
1658 1651 2137 1735 Θρασύδειλος.Ἴ

386 1733 580 1802 Βάλλ’
606 1736 692 1803 εἰς
716 1737 1030 1816 λατομίας.
1076 1733 1270 1799 Βάλλ’
1288 1738 1374 1803 εἰς
1393 1737 1680 1821 κόρακας.
1728 1736 1774 1800 Γ
1779 1735 1964 1803 λυκὺς
1986 1735 2221 1816 ἀγκών.

386 1818 588 1885 Βάλλ>
642 1820 705 1888 ἐς
747 1820 936 1903 ὕδωρ,
988 1822 1019 1883 ὁ
1061 1820 1269 1889 κακός.
1319 1819 1422 1905 Μή
1447 1845 1551 1904 μοι
1583 1821 1743 1903 μέλι,
1763 1822 1913 1904 μήτε
1943 1818 2222 1901 μέλιττα.

387 1903 653 1969 Βάλλειν
697 1908 824 1972 τοῖς
864 1907 1165 1988 μήλοισιν.
1221 1905 1754 1989 Ἀγναμπτότερος
1801 1906 1986 1990 βάτου
2033 1902 2222 1967 αὔου.

388 1987 523 2057 Βὰς
564 1988 668 2051 ἐπ’
718 1988 921 2072 ἄκρων
972 1990 1234 2075 ὀνύχων.
1286 1987 1509 2058 Οὐδεὶς
1548 1991 1726 2074 φίλος
1767 1989 1947 2052 οὐδὲν
1987 1986 2223 2072 ἔχοντι.

387 2070 564 2158 Βῆτα
605 2077 835 2158 σοφῶν.
887 2073 1093 2142 Αὐτὸς
1130 2074 1244 2158 γὰρ
1295 2074 1622 2156 ἐφέλκεται
1676 2074 1869 2159 ἄνδρα
1922 2074 2196 2156 σίδηρος.

388 2161 693 2226 Βοιωτοῖς
726 2159 1050 2239 μαντεύου.
1094 2159 1410 2244 Ἀδελφὸς
1455 2160 1520 2222 δ’
1568 2161 1745 2243 ἀνδρὶ
1789 2159 2036 2243 παρείη.
2080 2168 2087 2171 “

389 2242 676 2327 Βολβοὺς
715 2247 983 2325 ζητοῦσι.
1031 2241 1226 2306 Ταῦτ’
1287 2243 1358 2306 ού
1405 2247 1594 2312 κακὸς
1634 2245 1864 2308 εἴσεται
1910 2243 2136 2310 οὐδείς.

390 2328 711 2412 Βόρβορος
749 2327 816 2393 ἐκ
861 2326 1141 2410 τριόδων.
1183 2327 1588 2398 Ἀσπένδειος
1632 2329 2000 2413 κιθαριστής.

386 2413 610 2479 Βῶλος
635 2410 891 2495 ἄρουρα.
940 2410 1143 2494 Πάρες
1163 2416 1264 2479 τὸν
1301 2416 1526 2497 μάντιν.
1572 2411 1708 2476 Ἐπὶ
1735 2414 1972 2496 κνάφου
1994 2411 2222 2481 ἕλκεις.

386 2495 797 2579 Βωμολόχος.
845 2493 1312 2581 Τρεχέδειπνος.
1349 2496 1627 2584 Ἔβακαὶ
1651 2502 1876 2581 ταῦρος
1906 2494 2011 2558 ἀν’
2040 2497 2224 2559 ῦλαν.

388 2582 435 2646 Γ
442 2580 686 2662 εννητὸς
722 2584 991 2663 γεγονὼς
1028 2583 1198 2665 τήρει
1241 2583 1346 2666 τὴν
1389 2583 1573 2651 τάξιν.
1616 2580 1936 2666 Ἀριθμός.

390 2665 591 2733 Γλαῦξ
631 2663 1282 2750 πέτεται.”Ἀντρωνος
1324 2665 1480 2734 ὄνος.
1533 2665 1692 2735 Θεὸς
1732 2664 2096 2750 ἡγεμόνευε.
2130 2720 2145 2735 ,

390 2749 702 2830 Γναθμοῖς
744 2750 1120 2833 ἀλλοτρίοισι
1155 2752 1362 2833 γελᾷν.
1394 2746 1597 2835 ’Ύπαρ
1650 2752 1763 2814 οὐκ
1803 2750 1952 2834 ὄναρ
2002 2749 2153 2817 ἐστί.

391 2834 615 2916 Γνώμη
662 2830 1124 2902 Πανδελέτειος.
1168 2835 1306 2897 Ἀεὶ
1349 2833 1423 2897 τὰ
1466 2835 1687 2919 πέρυσι
1733 2836 1988 2917 ἀμείνω.

389 2918 436 2982 Γ
443 2921 587 3002 ρᾶες
629 2916 1155 3000 κωθωνιζόμεναι.
1185 2916 1308 3002 Μὴ
1358 2918 1418 2981 δ>
1468 2922 1607 3004 εἰκῇ
1636 2920 1930 3004 ”Αβυδον.

391 3002 592 3086 Γραῦς
630 3005 950 3084 καπρῶσα.
996 2999 1074 3064 Τί
1110 3003 1224 3086 γὰρ
1274 3005 1475 3067 κοινὸν
1522 3006 1654 3067 κυνὶ
1697 3007 1799 3068 καὶ
1831 3005 2176 3090 βαλανείῳς

389 3086 724 3152 Δακτύλιος
771 3084 1006 3168 Γύγεω.
1048 3086 1263 3156 Ἀΐδος
1305 3088 1511 3172 κυνέη.
1549 3089 1743 3174 ”Αχε’
1783 3088 1992 3156 Ἰνοῦς.

390 3171 703 3233 Δάκτυλον
755 3169 909 3254 αἶρε.
961 3169 1133 3255 Πάγη
1181 3173 1250 3235 δὲ
1289 3174 1487 3257 πάγην
1532 3174 1843 3258 λήψεσθαι
1887 3171 2110 3236 ἔοικεν.

390 3255 607 3322 Δειλὸς
646 3251 910 3324 Ἐπειός.
956 3253 1148 3318 Πέντε
1181 3261 1396 3340 κριτῶν
1445 3258 1507 3319 ἐν
1553 3259 1807 3341 γούνασι
1851 3261 2068 3321 κεῖται.

392 3338 747 3422 Δειλότεροι
787 3340 1072 3423 κεμάδος.
1126 3342 1286 3426 Δίχα
1331 3364 1435 3423 μοι
1479 3343 1620 3411 νόος
1660 3343 1907 3427 ἀτρεκὲς
1951 3344 2170 3408 εἰπεῖν.

392 3424 624 3504 Δεσμοὶ
663 3420 983 3507 Τυρρηνοί.
1037 3426 1252 3508 Δῶρον
1303 3424 1367 3487 δ>
1413 3425 1529 3501 ὅ,τι
1575 3428 1667 3511 δῷ
1703 3451 1810 3503 τις,
1859 3426 2117 3492 ἐπαίνει.

392 3508 596 3591 Δῆλον
634 3508 737 3573 καὶ
782 3505 1016 3593 τυφλῷ.
1069 3506 1285 3572 Βλέπε
1325 3513 1459 3578 πῶς
1502 3511 1642 3578 ὄνος
1685 3513 1770 3576 ὢν
1817 3511 1920 3575 ὅδ’
1961 3512 2215 3598 ἀνέστη.
