2452 4186
1112 321 1189 380 51

324 489 618 564 Eloquiis,
662 489 865 548 animo
908 509 1064 564 quae
1109 493 1353 550 sitiente
1384 492 1572 551 bibis:

247 573 364 634 cur
394 574 549 635 felix
590 593 825 632 mecum
867 594 1005 634 esse
1054 578 1251 653 cupis,
1296 576 1650 654 Chrysaee?
1691 579 1836 653 quid
1877 580 2035 639 ultra

326 660 462 735 Quo
504 658 659 717 caeli
697 667 912 737 tangas
963 661 1167 719 sidera
1210 682 1466 735 summa,
1509 662 1716 739 petis?

247 745 354 807 Ille
398 753 565 801 tenet
604 745 858 818 caelum,
906 746 1001 803 cui
1042 756 1359 823 praestant
1405 747 1569 805 mille
1612 748 1855 824 puellae

325 829 494 889 Mine
534 828 726 902 Deas,
769 850 924 890 unus
979 830 1280 899 Scaevola
1321 833 1487 891 mille
1528 832 1715 892 Deos.

248 1001 299 1060 6.
390 1003 469 1058 In
517 1000 675 1059 Petri
734 999 1005 1058 Lazmaei
1051 1003 1259 1059 librum
1306 1000 1595 1059 Gallicum
1636 1005 1708 1059 de
1748 1002 2063 1082 Prodiqiis.

245 1083 304 1144 N
306 1105 386 1143 on
429 1084 612 1161 igitur
657 1082 895 1142 Natura
939 1093 1165 1161 potest,
1208 1087 1519 1157 Launaee,
1557 1086 1768 1145 iubere

326 1168 473 1229 Sola
517 1168 695 1228 novis
731 1169 943 1226 miram
984 1171 1166 1229 rebus
1212 1172 1432 1228 adesse
1476 1171 1687 1229 fidem:

245 1254 747 1330 Quandoquidem
786 1274 908 1311 una
944 1256 1114 1313 novis
1158 1256 1339 1313 audet
1382 1274 1450 1313 se
1487 1254 1705 1313 tollere
1744 1257 1989 1335 linguae

323 1339 659 1411 Laudibus,
704 1339 925 1414 eloquii
964 1339 1086 1396 fida
1128 1341 1408 1397 ministra
1449 1340 1557 1397 tui.

247 1423 488 1501 Quippe
532 1424 831 1482 immensa
873 1442 1122 1497 canens,
1169 1424 1560 1498 mirandaque
1591 1425 1837 1482 foedera
1862 1444 2062 1484 rerum

324 1507 474 1568 Non
517 1510 713 1584 potuit
749 1509 901 1566 tanti
942 1516 1115 1585 parte
1156 1528 1362 1567 carere
1405 1508 1539 1567 loci.

247 1594 417 1669 Quae
463 1595 516 1652 si
556 1602 780 1668 quanta
826 1595 1008 1666 canit,
1055 1602 1147 1652 tot
1195 1596 1378 1653 habet
1419 1594 1711 1651 miracula
1754 1595 1943 1669 vocis,

323 1681 402 1737 Et
448 1688 540 1737 tot
585 1680 886 1737 honorata
921 1680 1183 1756 pignora
1222 1680 1402 1737 laude
1448 1680 1636 1754 capit:

248 1762 502 1823 Caetera
545 1771 803 1838 quantus
845 1764 1045 1822 honos
1089 1762 1362 1823 Naturae
1406 1765 1560 1821 mira
1600 1763 1871 1839 parentis

330 1849 531 1927 Supra
573 1848 848 1907 Naturae
888 1869 1137 1907 munera
1180 1869 1371 1927 posse
1413 1849 1619 1925 loqui?

545 1946 701 2003 Anno
723 1984 729 1991 ,
751 1942 895 1995 1571.

573 2102 630 2159 7.
721 2101 814 2158 De
852 2104 1082 2177 scriptis
1125 2103 1215 2159 Ιο.
1256 2102 1528 2158 Bois'selli
1565 2102 1621 2157 I.
1676 2099 1736 2157 C.

247 2184 455 2245 Civica
495 2204 684 2261 saepe
728 2205 944 2263 gerens
994 2185 1190 2244 dubiis
1238 2205 1349 2261 pro
1390 2185 1597 2243 litibus
1643 2204 1812 2243 arma

325 2271 637 2329 Pictonico
678 2271 935 2328 obtinuit
972 2271 1247 2348 praemia
1290 2271 1525 2328 summa
1563 2269 1722 2328 foro:

243 2357 320 2416 Et
362 2375 522 2413 nunc
567 2356 728 2412 idem
770 2356 923 2413 alias
970 2376 1154 2432 porro
1200 2373 1531 2413 conversus
1577 2356 1656 2412 ad
1699 2362 1859 2413 artes

330 2440 553 2502 Scribit
600 2459 753 2515 quae
797 2442 1027 2516 passim
1065 2440 1271 2499 Gallia
1306 2447 1429 2497 tota
1468 2439 1658 2516 legat:

243 2530 325 2584 At
373 2545 677 2600 nunquam
725 2544 1001 2598 cessans,
1044 2534 1105 2582 et
1148 2526 1228 2582 ad
1270 2525 1470 2581 omnia
1513 2542 1735 2600 magna
1774 2531 2020 2599 paratus

327 2610 668 2669 Boissellus
715 2611 974 2687 patriam
1012 2629 1160 2670 voce
1202 2608 1493 2682 librisque
1535 2610 1719 2667 iuvat.

246 2695 370 2757 Sed
411 2704 644 2753 tantum
682 2696 818 2755 voci
853 2698 1251 2772 praestabunt
1295 2694 1518 2769 scripta
1562 2694 1845 2766 disertae,

329 2781 639 2856 Quantum
676 2777 990 2839 Picto'nico
1038 2780 1245 2841 Gallia
1285 2787 1416 2838 tota
1459 2780 1612 2837 foro.

247 2953 303 3010 8.
363 2954 440 3009 In
487 2949 796 3027 Spectmen
822 2953 1234 3009 vetustissimae
1283 2947 1562 3008 Getarum
1599 2947 1868 3024 Linguae
1909 2951 2064 3009 Bon.

903 3036 1180 3095 Vulcania
1231 3037 1460 3092 editore.

245 3118 422 3179 Naso
464 3119 824 3177 Tomitanae
868 3121 1074 3178 didicit
1113 3127 1287 3178 vetus
1333 3116 1535 3175 incola
1577 3125 1775 3175 terrae

327 3205 605 3264 Barbara
644 3205 944 3264 Romanis
988 3212 1230 3263 nectere
1277 3203 1465 3261 verba
1505 3201 1714 3259 modiS.

247 3293 328 3348 At
371 3300 435 3348 tu
480 3291 762 3349 docturos
801 3298 1041 3369 gentem
1093 3308 1205 3349 sua
1246 3288 1433 3346 verba
1468 3286 1770 3360 Latinam,

333 3375 613 3447 Vulcani,
656 3375 854 3453 gelido
893 3375 1121 3454 promis
1164 3375 1241 3431 ab
1286 3382 1403 3429 axe
1451 3370 1662 3430 Getas.

250 3458 563 3538 Contingit
602 3468 841 3533 nostro,
885 3461 1041 3535 quod
1079 3458 1232 3518 nulli
1274 3456 1530 3533 contigit
1563 3475 1737 3528 aevo,

333 3545 610 3604 Vertere
629 3545 1023 3623 Hyperboreo
1063 3545 1222 3603 dicta
1260 3541 1480 3602 Latina
1523 3554 1692 3683 sopp.
