2452 4186
1106 263 1186 322 95

317 431 517 508 Saepe
558 427 902 506 Cupidineo
940 431 1190 489 ventilat
1228 432 1368 508 igne
1408 432 1592 491 faces.

239 518 313 575 Et
354 517 513 591 quod
556 533 724 573 ames
766 533 1026 591 semper,
1075 535 1317 591 semper
1357 518 1520 591 quod
1547 517 1810 575 scribere
1830 520 2061 595 possis,

316 602 635 660 Materiam
680 601 873 657 teneri
917 600 1089 659 lusor
1133 601 1380 659 Amoris
1424 603 1634 660 habes.

238 686 368 746 Nec
410 697 615 744 tamen
661 684 806 743 exili
847 704 1089 743 carmen
1135 685 1431 744 deducere
1476 687 1583 745 filo

314 772 431 830 Est
476 770 649 842 satis,
697 778 759 826 et
796 770 962 829 senis
1010 772 1257 848 iungere
1300 772 1563 847 quinque
1603 771 1814 848 pedes,

236 855 332 914 Ne
373 874 630 934 regnum
675 855 957 927 VeneriS‚
996 857 1286 931 puerique
1332 855 1650 934 Cupidinis
1688 875 1861 916 arcus

317 938 581 1000 Carmen
624 940 789 998 iners
832 940 1065 1017 Elegis‚
1108 959 1407 1017 causaque
1454 961 1608 1000 vana
1657 942 1828 1000 foret.

234 1026 549 1085 Historiae
591 1025 824 1101 patriae
868 1027 1280 1084 monumentis
1318 1036 1487 1084 eruta
1525 1026 1767 1102 priscis,

319 1109 641 1171 Clarorum
681 1128 933 1169 revocas
976 1110 1157 1169 fortia
1199 1112 1359 1168 facta
1401 1113 1636 1169 ducum.

234 1197 422 1272 quue
471 1196 582 1254 tibi
626 1194 805 1252 debet
848 1196 1078 1271 patriae
1121 1198 1285 1270 quod
1329 1206 1503 1274 gesta
1547 1197 1809 1254 Batavus

319 1280 503 1339 Nunc
545 1289 733 1352 tenet,
775 1280 839 1337 in
874 1281 1072 1356 patria
1113 1282 1216 1355 qui
1259 1283 1429 1357 prius
1472 1282 1695 1357 hospes
1737 1289 1881 1338 erat.

235 1366 403 1440 Quid
435 1366 698 1423 referam
741 1365 962 1440 Lyrico
1002 1365 1310 1423 modulata
1351 1374 1635 1442 poemata
1676 1366 1912 1442 plectro

316 1450 452 1509 Nec
495 1450 655 1508 male
699 1457 988 1509 tentatum
1036 1451 1238 1509 nobile
1286 1470 1527 1509 carmen
1573 1451 1793 1526 Epos?

231 1536 341 1595 Nil
388 1536 496 1594 tibi
537 1535 735 1592 felicis
781 1536 945 1612 genii
992 1544 1203 1594 natura
1245 1536 1486 1613 negavit

318 1620 504 1680 Utilis
549 1620 629 1677 ad
670 1619 845 1677 nitidi
885 1621 1167 1679 carminis
1214 1639 1395 1679 omne
1437 1639 1649 1697 genus.

232 1706 354 1765 His
403 1706 514 1763 tibi
549 1706 909 1763 transmissa
952 1714 1047 1763 est
1090 1707 1225 1763 aevi
1264 1725 1408 1783 pars
1450 1706 1651 1782 prima
1693 1705 1912 1779 quietis

319 1791 644 1862 Passibus,
692 1799 752 1846 et
788 1791 1106 1866 strepitum
1150 1812 1277 1849 non
1320 1791 1581 1848 faciente
1621 1790 1831 1868 gradu.

231 1878 315 1936 Et
351 1876 494 1933 licet
535 1876 782 1952 ingenui
822 1894 1106 1934 secessus
1151 1878 1279 1935 otia
1320 1895 1617 1951 quaerens

318 1961 632 2019 Ventosae
669 1961 936 2038 fugitans
978 1961 1331 2020 ambitionis
1377 1979 1536 2033 eraS‚

231 2046 329 2105 Te
366 2054 571 2104 tamen
616 2047 872 2104 accitum
910 2055 1121 2105 sancta
1164 2048 1228 2106 in
1270 2046 1531 2124 collegia
1570 2046 1820 2105 Patrum

325 2131 609 2207 Quinque
650 2133 745 2191 bis
793 2141 1148 2191 annumerat
1193 2131 1376 2191 Curia
1420 2151 1656 2191 summa
1692 2130 1859 2188 viris.

230 2217 373 2277 Nec
416 2217 618 2275 minus
668 2236 940 2275 erronem
985 2218 1187 2277 civilia.
1229 2226 1429 2275 castra
1470 2224 1823 2292 sequentem

316 2303 559 2361 Aoniae
594 2312 885 2361 revocant
920 2304 997 2360 ad
1041 2322 1152 2362 sua
1189 2303 1365 2379 signa
1409 2303 1586 2359 deae:

232 2388 319 2445 Et
359 2406 544 2461 quum
586 2388 845 2463 prolatis
890 2388 1144 2445 redeunt
1185 2387 1413 2444 diludia
1455 2388 1662 2456 rebus,

324 2470 628 2547 Quidquid
676 2473 992 2530 innumera
1030 2473 1136 2531 lite
1181 2491 1394 2529 vacare
1446 2469 1694 2544 datur[‚]

232 2556 335 2615 Ad
379 2557 620 2616 Phoebi
660 2566 913 2627 secreta,
956 2558 1041 2615 tui
1085 2577 1209 2615 non
1250 2557 1560 2633 transfuga
1610 2555 1822 2625 moris,

323 2642 406 2699 Et
447 2652 686 2707 veteres
731 2643 949 2714 cultus,
999 2651 1059 2701 et
1095 2651 1198 2701 tua
1244 2661 1415 2701 sacra
1456 2641 1640 2699 redis.

232 2728 319 2785 Et
360 2727 504 2785 licet
561 2728 823 2785 officium
869 2727 1096 2804 rigidos
1143 2726 1386 2786 abducit
1429 2727 1492 2784 in
1533 2734 1722 2797 actus,

323 2811 417 2869 Te
463 2822 666 2869 tamen
706 2812 770 2870 in
817 2812 1017 2871 medio
1062 2832 1234 2872 mens
1280 2812 1582 2871 Helicone
1630 2811 1802 2868 locat.

229 2894 374 2956 Nec
416 2898 606 2973 pudet
645 2899 874 2975 argutis
919 2899 1369 2976 Epigrammata
1410 2898 1616 2956 ludere
1660 2895 1835 2972 nugis

326 2983 493 3040 Inter
537 2982 793 3041 clamosi
829 2983 1056 3058 praelia
1096 2985 1244 3041 dura
1283 2985 1423 3042 fori.

231 3068 519 3142 Denique
567 3085 749 3141 quum
796 3087 1078 3145 magnum
1123 3069 1297 3127 vivus
1347 3070 1433 3127 sis
1477 3084 1701 3125 nomen
1738 3065 2011 3139 adeptus,

325 3153 522 3212 Maius
562 3153 638 3210 ab
680 3153 952 3228 exequiis
992 3153 1167 3228 quale
1213 3172 1327 3211 nec
1365 3153 1525 3211 ullus
1573 3153 1774 3222 habet,

231 3241 332 3298 Ac
372 3246 432 3295 te
480 3238 728 3316 grandis
776 3239 978 3296 honos
1022 3238 1258 3296 volucri
1303 3255 1485 3312 super
1528 3236 1771 3293 aethera
1810 3235 1990 3306 fama,

325 3324 406 3382 Et
452 3342 655 3398 penna
685 3324 870 3381 fatum
913 3343 1038 3381 non
1080 3330 1386 3381 metuente
1430 3323 1630 3393 vehat,

233 3407 387 3469 Non
436 3409 636 3467 minor
675 3408 924 3466 innocui
967 3409 1115 3467 vitio
1162 3408 1514 3481 maculaque
1560 3406 1843 3478 carentis,

328 3493 523 3568 Quam
569 3493 972 3554 consummati
1010 3493 1144 3553 laus
1187 3492 1297 3551 tibi
1338 3491 1495 3551 vatis
1542 3491 1732 3550 adest.
