2452 4186
1232 349 1310 408 52

352 516 489 581 Nec
528 518 752 589 facere⁴
773 518 889 575 hoc
926 523 1189 593 poterat,
1232 518 1394 593 quod
1436 518 1609 576 Naso
1652 517 1881 576 fecerat
1923 521 2093 594 olim,

439 601 638 677 Quam
679 603 782 677 qui
823 600 1094 662 Nasonis
1138 623 1355 678 corque
1398 604 1785 679 animumque
1822 606 1995 682 gerit.
2052 688 2057 693 ι

356 771 414 831 9.
504 772 607 831 Ad
623 772 914 830 Phoebum
954 776 1027 830 de
1063 775 1154 830 Io.
1187 773 1448 830 Mcursio
1496 776 1694 833 edente
1723 775 2180 851 Lycophronem.

352 859 549 916 Antra
591 857 923 914 cothurnati
959 866 1281 934 penetrare
1324 857 1740 934 Lycophronis
1778 877 1987 932 ausus,

353 943 627 1001 Maturus
671 942 910 1014 studiis,
959 943 1067 1001 sed
1106 942 1209 1001 vix
1249 960 1534 1019 egressus
1580 944 1800 1020 ephebi

353 1025 695 1102 Vesticipes
739 1044 955 1098 annos,
1002 1035 1062 1085 et
1100 1026 1312 1084 limina
1347 1027 1594 1103 puberis
1640 1029 1797 1103 aevi,

352 1111 656 1171 Meursius
701 1112 813 1170 has
854 1112 1078 1171 virides
1126 1120 1390 1189 segetes,
1430 1113 1771 1188 messisque
1814 1114 2052 1170 futurae

352 1196 686 1269 Primitias,
729 1196 851 1270 dat,
897 1197 1165 1269 Phoebe,
1205 1196 1317 1254 tibi
1357 1216 1468 1272 pro
1511 1205 1817 1275 tempore:
1864 1199 1967 1256 ubi
2010 1206 2182 1257 aetas

356 1280 536 1340 Hunc
578 1282 817 1347 firmata
863 1283 1056 1340 virum
1099 1282 1445 1358 perfecerit,
1492 1284 1701 1360 accipe
1740 1301 2024 1349 messem.

365 1450 459 1510 10.
550 1453 627 1509 Iu
669 1449 888 1509 Lucilii
920 1452 1282 1526 Fragmenta
1324 1451 1561 1509 collecta
1603 1462 1660 1509 et
1697 1455 1853 1525 edita
1896 1473 1934 1510 a
1980 1454 2182 1511 Fran-

1065 1539 1210 1593 cisco
1251 1536 1476 1594 Dousa.

360 1618 545 1694 Quod
580 1619 789 1698 doctos
831 1619 1018 1676 laceri
1058 1620 1257 1677 Lucili
1301 1619 1535 1695 colligit
1574 1627 1763 1692 artu8‚

438 1704 713 1761 Membra
754 1704 881 1762 suis
923 1704 1180 1763 reddens
1223 1703 1466 1781 singula
1502 1722 1776 1780 quaeque
1819 1705 1996 1779 locis,

355 1785 526 1861 Quae
565 1786 875 1847 Ciceronis
918 1797 1065 1861 erat,
1104 1788 1354 1847 Iuvenis
1402 1807 1558 1846 nunc
1602 1788 1793 1848 civica
1832 1789 2117 1862 Dousae3

441 1871 601 1946 Quin
639 1873 835 1931 maior
875 1872 1152 1946 Dousae,
1196 1892 1377 1949 quam
1425 1871 1742 1933 Ciceronis
1781 1876 1910 1933 erit.

341 1958 593 2033 ‘Eripuit
625 1958 858 2017 facibus
905 1957 1203 2021 Catilinae
1248 1958 1487 2016 Tullius
1530 1960 1773 2018 urbem:

440 2043 733 2104 Restituit
776 2044 939 2104 cives
987 2044 1085 2102 hic
1128 2044 1238 2102 tibi
1285 2043 1482 2103 Roma
1527 2051 1688 2104 tuos.

363 2215 459 2272 11.
503 2217 581 2273 In
600 2214 964 2272 Martianum
1000 2213 1295 2290 Capellam
1325 2217 1535 2271 editum
1562 2214 1636 2270 ab
1667 2214 1915 2291 Huqone
1954 2216 2180 2275 Grotio.

354 2298 539 2376 Hugo
589 2299 837 2358 soboles
883 2297 1126 2357 Grotius
1180 2299 1391 2375 optimi
1435 2298 1730 2375 parentis,

356 2384 478 2460 Qui
521 2384 733 2442 limina
776 2384 1042 2442 nondum
1091 2383 1288 2460 tetigit
1326 2384 1571 2459 puberis
1617 2384 1773 2456 aevi,

356 2468 483 2530 Sed
521 2478 722 2527 mente
767 2469 947 2527 senili
985 2477 1223 2527 teneros
1267 2469 1586 2545 praevenit
1628 2488 1846 2542 annos),

352 2555 638 2631 Magnum
683 2553 1008 2626 meditans,
1051 2553 1340 2632 auspiciis
1387 2554 1576 2611 noluit
1613 2554 1736 2612 illis

352 2639 745 2711 Praeludere‚
792 2657 947 2714 quae
989 2639 1351 2715 vesticipum
1394 2639 1668 2714 postulat
1714 2645 1915 2709 aetas3

360 2722 485 2785 Sed
527 2724 739 2782 maluit
774 2743 812 2780 a
853 2724 1183 2801 grandibus
1234 2723 1517 2781 inchoare
1562 2725 1810 2800 coeptis.

352 2808 515 2867 Nam
567 2809 670 2884 qui
712 2827 907 2884 penus
956 2817 1069 2881 est,
1120 2809 1317 2866 omnis
1364 2815 1422 2866 et
1464 2826 1606 2865 area
1647 2808 2028 2885 disciplinae,

355 2893 476 2954 Sed
520 2913 697 2968 quem
741 2893 1113 2951 horridulum
1155 2893 1377 2951 iniuria
1419 2893 1718 2967 squallore
1761 2901 2030 2952 vetustas

355 2979 539 3039 Omni
582 2973 917 3044 studiorum
964 2978 1151 3035 nitido
1201 2979 1515 3036 abdicarat
1557 2996 1692 3050 usu,

350 3064 527 3123 Illius
569 3065 644 3122 ab
688 3063 904 3121 incude
944 3063 1271 3139 profectus,
1325 3071 1502 3138 atque
1548 3082 1808 3121 amoeno

355 3147 685 3225 Splendore
727 3149 982 3220 micans,
1025 3167 1326 3224 purpurea
1363 3155 1535 3207 veste
1575 3148 1832 3206 decorus

354 3233 686 3309 Cultusque
729 3253 884 3293 novo
928 3232 1169 3309 pumice
1216 3233 1552 3292 Martianus
1601 3234 1749 3293 exit.

354 3317 648 3378 Cernisne
696 3326 763 3376 ut
804 3327 1083 3377 ovantem
1127 3317 1335 3394 lepido
1375 3318 1524 3376 flore
1567 3319 1871 3389 iuventae,

354 3403 754 3463 Commendet
787 3423 921 3462 eum
959 3403 1155 3481 gratia
1189 3402 1438 3461 luminis
1488 3401 1790 3479 recentis?

353 3487 549 3563 Quam
591 3488 720 3549 sive
762 3488 992 3562 habuit,
1029 3487 1297 3547 restituit
1333 3486 1583 3547 Grotius
1626 3487 1746 3560 illi3

355 3572 478 3635 Seu
521 3594 645 3633 non
689 3574 917 3647 habuit,
963 3572 1217 3632 contulit
1260 3573 1418 3631 hanc
1456 3571 1708 3632 Grotius
1747 3570 1856 3628 illi.
