2452 4186
1019 314 1209 407 ἢ29

262 481 403 556 Quis
451 483 677 541 turbo?
723 502 876 557 quae
922 484 1259 543 aestuantis
1305 503 1453 542 aura
1500 485 1778 543 fortunae

261 567 345 625 Te
391 575 584 625 mutat
628 568 832 639 aliam,
870 570 1084 647 quisve
1129 587 1311 628 casus
1358 568 1615 646 affligit?

260 651 424 725 Quae
470 654 689 724 tristis,
730 672 945 729 expes,
993 673 1175 713 cassa
1218 655 1394 726 lucis,
1443 663 1657 727 atrata,

260 736 631 812 squallentis
684 739 961 797 obsoleta
1001 740 1286 798 sordibus
1333 740 1526 797 luctus

256 825 515 894 MoereS,
554 831 622 880 ut
660 824 830 894 orba,
869 843 1022 897 quae
1067 825 1170 881 flet
1211 824 1453 882 unicum
1495 825 1724 882 mater?

257 908 494 985 Regina
536 916 621 965 tot
667 928 889 979 rerum,
938 917 997 965 et
1038 917 1128 966 tot
1166 910 1403 967 urbium
1434 911 1738 985 princepe,
1772 911 1777 918 ’

256 993 376 1052 Ubi
415 1002 659 1050 tuorum
705 1001 799 1050 est
841 993 947 1050 lux
990 1002 1230 1051 vetusta
1274 1001 1668 1070 sceptrorum,

254 1079 333 1135 Et
373 1097 559 1135 aureo
608 1078 937 1153 splendore
981 1079 1131 1136 fulta
1178 1079 1515 1138 maiestas?

256 1163 532 1236 Totoque
582 1163 776 1220 maior
820 1164 988 1235 orbe,
1037 1183 1148 1239 par
1192 1164 1342 1239 polo
1385 1164 1627 1223 fastus?

256 1248 474 1321 Illique
520 1249 722 1324 magni
765 1248 990 1324 gloriae
1033 1258 1171 1306 tuae
1212 1250 1458 1308 fasces?

254 1333 376 1391 Ubi
421 1330 687 1404 Quirites
730 1334 845 1388 heu
884 1334 991 1393 tui.
1041 1333 1129 1390 tui
1173 1335 1361 1403 cives»,

252 1417 514 1474 Delecta
559 1419 775 1494 pubes,
821 1418 1111 1476 flosculus
1158 1417 1527 1479 iuventutis?

252 1503 376 1561 Ubi
422 1501 569 1559 Divi
615 1502 842 1559 alumni
884 1502 1228 1579 PrincipeS,
1271 1503 1439 1561 Iovis
1483 1521 1713 1574 semen,

253 1587 556 1645 Proceres
604 1587 789 1658 beati,
835 1588 1100 1645 debitum
1146 1606 1338 1665 genus
1380 1588 1576 1659 caelu,

253 1672 511 1730 Fulmen
562 1672 769 1743 duelli,
809 1680 1006 1730 terror
1053 1674 1280 1731 Adriae
1321 1673 1550 1749 magni,

258 1758 461 1834 Opum
501 1757 866 1817 hosticarum
910 1758 1186 1815 martiale
1224 1766 1614 1828 tormentum,

256 1842 481 1900 Tutela
523 1843 781 1916 patriae,
832 1861 972 1917 spes
1025 1843 1359 1901 labantium
1406 1862 1630 1913 rerum,

253 1927 441 1985 Pacis
490 1928 811 2001 sequestri,
852 1928 1199 2003 civibusque
1235 1929 1459 1999 devoti,

257 2011 573 2088 Scaligera
617 2012 885 2084 soboles,
931 2013 1035 2086 qui
1075 2013 1411 2071 Feretrium
1459 2012 1644 2069 tantis

256 2099 382 2156 Tot
424 2098 570 2154 olim
618 2099 864 2173 opimis,
910 2107 1108 2172 teque,
1150 2099 1314 2157 Diva
1357 2097 1733 2156 mactarunt?

258 2182 447 2255 Queis
487 2190 574 2239 tot
610 2184 967 2258 triumphOS,
1001 2192 1085 2240 tot
1126 2185 1444 2259 trophaea,
1483 2191 1573 2241 tot
1612 2182 1852 2249 laurus;

257 2267 445 2341 Queis
496 2269 1045 2344 sceptrihonores,
1092 2277 1270 2343 atque
1309 2288 1524 2326 nomen
1573 2270 1886 2343 Augustae

259 2357 526 2426 Accepta
568 2353 776 2423 debes,
827 2371 1100 2429 quaeque
1151 2355 1314 2411 mole
1362 2353 1611 2411 sublimi

255 2438 493 2495 Educta
531 2438 853 2496 Mausolea
892 2446 1221 2513 provocant
1261 2439 1491 2496 coelum
1514 2438 1541 2494 P

256 2522 426 2580 Proh
474 2531 701 2579 sortem
748 2525 1055 2581 acerbam!
1105 2525 1257 2597 proh
1308 2522 1631 2580 volubilem
1677 2522 1918 2577 casum!

261 2607 505 2680 Quanta
541 2627 573 2664 e
618 2627 899 2683 supremo
941 2608 1198 2679 culmine
1246 2617 1305 2664 et
1344 2616 1503 2665 statu
1546 2624 1746 2663 rerum
1797 2605 1812 2612 “

262 2690 504 2764 Quanta
547 2693 857 2751 excidisti!
904 2713 1029 2750 non
1074 2693 1182 2750 tibi
1228 2692 1419 2749 obfuit
1465 2699 1718 2762 tantum,

260 2776 421 2851 (Nec
458 2796 642 2852 posse
690 2779 958 2853 credam)
1006 2787 1192 2835 nauta
1229 2778 1461 2854 lapidis
1500 2777 1693 2852 ripae,
1748 2774 2089 2850 [Iapydiff]

262 2861 565 2934 Quantum
610 2883 752 2935 una,
806 2862 992 2921 sudos
1042 2883 1196 2937 quae
1250 2863 1358 2921 tibi
1403 2862 1557 2933 dies,
1603 2879 1878 2937 quaeque

260 2947 532 3004 Fortuna
573 2956 1068 3023 praeterpropter
1108 2949 1339 3007 invidet
1375 2947 1591 3005 lucem.

344 3033 461 3089 Ast
506 3052 542 3089 o
589 3041 845 3091 venusta
888 3040 1100 3103 mater,
1148 3054 1182 3089 o
1221 3052 1448 3108 parens
1495 3032 1682 3091 salve.

264 3117 319 3175 O
366 3136 504 3173 mea
548 3119 839 3188 creatrix3
886 3136 1115 3191 vosque
1162 3118 1618 3175 rite'maiorum

266 3199 510 3260 Salvete
557 3222 787 3262 manes.
833 3203 947 3259 Ille
990 3222 1104 3279 ego
1152 3222 1342 3278 nepos
1390 3209 1615 3272 vester,

264 3285 402 3343 Pila
442 3294 624 3363 atque
667 3288 864 3360 lusuS,
902 3288 1320 3360 ludicrumque
1356 3288 1669 3346 fortunae:

268 3369 529 3429 Currens
575 3374 845 3447 parentis
887 3372 1025 3429 exul
1070 3371 1267 3430 exulis
1307 3390 1575 3429 cursum:

265 3455 384 3512 Pro
426 3457 583 3514 farre
625 3458 809 3529 saISO,
850 3476 1072 3533 proque
1118 3456 1342 3515 adoreo
1386 3456 1530 3528 libo,

267 3539 391 3598 Pro
434 3549 588 3614 ture,
634 3561 864 3619 proque
907 3542 1121 3600 februo
1166 3540 1487 3618 parentali,
