2452 4186
1263 290 1452 379 72·

392 458 756 518 Castanidas
800 476 1110 534 proceres,
1158 459 1371 516 Martis
1414 457 1631 515 virtute
1675 465 1974 533 potente8‚

390 545 470 602 Et
504 543 649 602 belli
698 543 897 601 claros
938 542 1178 615 studiis,
1238 563 1353 619 quo
1397 551 1666 616 tempore
1708 543 1862 600 fines

389 629 626 706 Anglus
672 627 1032 687 Santonicos
1080 628 1229 685 dura
1277 628 1506 686 ditione
1546 627 1899 702 premebat?

390 714 600 772 Testis
648 713 910 771 Vultona
952 732 1040 784 es,
1093 715 1400 788 refluaque
1443 707 1781 771 Carantone
1818 713 2089 789 lympha,

393 797 596 858 Caede
642 797 979 857 Caledonia
1022 797 1243 857 vitreos
1288 798 1509 855 infecte
1546 796 1825 870 liquores,

391 883 554 942 Hinc
596 901 876 959 sparsum
920 901 1110 959 genus
1157 891 1267 941 est.
1310 887 1393 941 At
1437 900 1538 939 eos
1582 900 1797 958 cepere
1823 885 2184 960 propinquis

390 968 669 1026 Pictonis
713 968 853 1024 hinc
889 967 1094 1039 tellus,
1153 969 1291 1025 hinc
1331 967 1512 1026 tellus
1560 966 1825 1026 Turonis
1870 968 2014 1041 oris,

393 1053 654 1111 Turonis
700 1053 1065 1126 armipotens
1098 1051 1407 1121 Celtarum
1446 1052 1644 1129 gentis
1696 1052 1949 1126 ocelluS‚

391 1138 665 1215 Ingeniis
708 1137 968 1212 pollens,
1009 1145 1070 1194 et
1108 1138 1309 1196 divitis
1356 1139 1542 1195 ubere
1591 1137 1825 1214 glebae.

392 1223 513 1281 Hic
554 1223 752 1300 prima
787 1223 1046 1280 hausisti
1092 1223 1375 1299 genitalis
1424 1223 1656 1279 lumina
1696 1219 1871 1295 caeli,

392 1309 534 1384 Qua
568 1315 849 1386 regnator
890 1327 1085 1383 aquae
1132 1328 1351 1384 presso
1393 1309 1525 1365 fluit
1569 1309 1807 1385 agmine
1855 1308 2073 1383 Crosa,

391 1395 472 1453 Et
511 1394 724 1452 turrita
757 1393 923 1451 lavat
965 1393 1186 1450 Posaei
1226 1395 1465 1451 moenia
1507 1391 1727 1451 Castri.

392 1479 512 1537 Hic
555 1478 666 1537 tibi
705 1479 955 1536 faelices
1001 1479 1348 1537 cecinerunt
1389 1479 1594 1537 omina
1631 1478 1883 1550 Parcae,

391 1565 473 1623 Et
517 1565 733 1622 melior
775 1565 983 1621 niveos
1027 1564 1301 1620 oneravit
1343 1582 1605 1638 purpura
1645 1563 1835 1635 fusoQ

390 1647 476 1707 Ut
520 1658 746 1723 quanto
787 1649 1020 1723 patrias
1063 1649 1263 1723 patria
1310 1649 1458 1704 haec
1504 1649 1917 1722 supereminet
1957 1649 2182 1722 almae,

393 1732 591 1789 Tanto
634 1742 695 1790 tu
742 1733 972 1791 meritis
1024 1733 1287 1793 anteires
1336 1732 1618 1790 omnibus
1665 1751 1895 1792 omnes.

392 1818 558 1893 Ergo
603 1816 931 1876 lacessenti
986 1817 1196 1891 primis
1245 1817 1547 1894 vagitibus
1591 1836 1771 1876 auras

393 1901 620 1959 Infanti
664 1903 955 1980 ingenuos
998 1903 1373 1961 instillavere
1405 1903 1673 1977 liquores

393 1985 842 2063 Castigatorum
881 1998 1138 2059 morum,
1188 2009 1296 2064 pro
1340 1988 1497 2045 lacte
1547 1987 1797 2063 tepenti,

395 2070 657 2132 Sanctae
698 2073 986 2143 nutrices,
1034 2074 1335 2131 Virtutum
1385 2072 1690 2130 exercitus
1738 2071 1933 2130 omnis

393 2155 564 2217 Cana
603 2158 809 2230 Fides,
850 2158 1140 2233 Fideique
1188 2175 1359 2217 soror
1405 2157 1765 2216 Constantia
1807 2158 1994 2233 virgo,

391 2242 890 2318 Temperiesque,
940 2250 999 2299 et
1035 2244 1303 2301 iustitiae
1351 2243 1682 2301 Prudentia
1727 2251 1953 2301 custos.

344 2400 349 2404 q
390 2328 542 2385 Inde
585 2328 951 2405 Magisteriis
1001 2337 1170 2386 aetas
1214 2329 1475 2390 formata
1518 2328 1789 2385 Dearum

389 2414 647 2489 Accepit
685 2414 839 2471 tales
890 2414 1111 2471 exculti
1155 2414 1424 2490 pectoris
1472 2423 1705 2484 auctae,

393 2499 591 2573 Quale
638 2499 757 2559 tuis
800 2500 975 2574 ipsae
1020 2499 1116 2555 lac
1160 2498 1511 2557 immulsere
1553 2498 1816 2555 labellis.

390 2582 477 2642 Ut
521 2603 677 2659 quae
719 2585 828 2642 vix
870 2585 969 2641 fas
1014 2592 1107 2642 est
1151 2584 1419 2660 partitim
1469 2583 1712 2661 singula
1751 2581 2052 2656 habere[‚]

389 2668 465 2725 In
498 2675 558 2725 te
604 2669 961 2727 coniunctim
1001 2670 1276 2739 fluerent,
1320 2687 1556 2743 unoque
1598 2675 1847 2744 recepta

387 2753 651 2811 Pectore
697 2755 978 2811 virtutum
1022 2753 1283 2829 collegia
1323 2754 1513 2810 mixta
1559 2755 1804 2811 coirent.

386 2836 554 2897 Nam
599 2839 759 2913 quod
799 2838 1013 2913 vulgus
1053 2839 1240 2909 iners,
1285 2847 1345 2895 et
1395 2840 1588 2897 adhuc
1625 2836 1882 2896 rationis
1926 2856 2190 2914 egenum

390 2922 494 2981 Nil
543 2930 717 2999 putat
757 2942 897 2980 esse
942 2923 1069 2979 fero
1112 2923 1356 2983 blandis
1399 2944 1532 2982 cum
1578 2925 1773 2980 Marte
1817 2920 2127 3000 CameniS‚

391 3008 487 3066 Tu
533 3028 666 3065 cum
710 3010 905 3066 Marte
948 3009 1079 3066 fero
1129 3012 1495 3067 commercia
1541 3009 1765 3066 blanda
1804 3025 2077 3066 sororum

390 3093 558 3150 Inter
602 3114 671 3152 se
715 3094 958 3170 placida
1001 3096 1528 3171 consanguinitate
1574 3094 1817 3170 iugasti‚

388 3177 726 3252 Musarum,
771 3180 860 3236 vir
904 3198 1144 3256 magne,
1191 3180 1385 3256 prior,
1438 3179 1662 3237 belline
1708 3179 1985 3237 laborum

392 3262 730 3336 Laudibus,
776 3266 1151 3342 ambiguum:
1202 3266 1313 3323 sed
1357 3273 1518 3321 certe
1564 3283 1821 3341 magnus
1867 3272 2148 3338 utroque.

387 3346 524 3405 Nec
566 3357 625 3407 te
672 3348 982 3408 Nobilitas
1027 3357 1235 3408 custos
1283 3350 1501 3407 erroris
1550 3350 1694 3406 aviti
1719 3373 1739 3380 r

388 3432 611 3492 Traxit
649 3434 712 3491 in
761 3435 1132 3511 exemplum,
1181 3434 1338 3511 legis
1383 3452 1537 3507 quae
1585 3434 1762 3502 vertit
1801 3435 1864 3489 in
1908 3452 2088 3491 usum

389 3517 499 3579 Nil
545 3520 724 3591 scire,
781 3527 841 3576 et
882 3521 1131 3579 rudibus
1181 3518 1590 3578 transmittere
1628 3519 1890 3576 cultibus
1937 3536 2185 3578 aevum.
