2452 4186
1191 291 1274 350 54

405 460 707 539 Concepit
743 461 920 519 tereti
962 461 1099 537 lege
1142 460 1341 519 soluta
1380 460 1603 537 pedum
1618 480 1635 531 3

318 546 495 606 Vatis
541 554 603 605 et
637 545 929 607 Historici
970 546 1170 603 fuerat
1202 564 1357 620 quae
1404 545 1645 621 singula
1685 563 1969 621 magnum

404 632 721 709 Accipere,
763 632 862 690 hic
904 650 1062 690 unus
1109 630 1382 706 praemia
1424 631 1629 688 iuncta
1671 631 1841 687 feret.

395 802 491 860 15.
587 803 667 859 In
712 800 1048 858 Suetonium
1090 801 1164 857 ab
1209 802 1423 858 Isaaco
1471 799 1812 857 Casaubono
1852 802 2086 858 editum.

318 885 571 963 Imperii
608 903 922 962 procerum
963 884 1363 959 T[r]anquilli
1405 884 1650 942 condita
1690 883 1863 942 libris

407 970 605 1030 Gesta
645 970 967 1029 vetustatis
1013 970 1342 1028 obsoluere
1381 970 1521 1027 situ.

323 1053 692 1115 Caesaribus
737 1054 996 1131 patriam
1038 1054 1288 1112 dederat
1329 1072 1664 1129 nomenque
1703 1072 2017 1131 genusque

408 1140 839 1216 Tranquillus:
881 1139 1077 1196 lucem
1121 1139 1383 1196 reddidit
1420 1139 1676 1198 Isacius.

326 1225 597 1284 Tradere
638 1244 738 1283 res
781 1231 989 1303 gestas
1036 1243 1205 1296 aevo,
1252 1244 1377 1281 non
1420 1224 1633 1281 ultima
1680 1223 1814 1280 laus
1860 1230 1990 1281 est:

411 1308 780 1370 Caesaribus
819 1309 1016 1366 lucem
1056 1309 1331 1379 reddere,
1376 1307 1748 1368 Caesareum
1794 1316 1905 1366 est.

579 1478 674 1538 16.
754 1481 833 1536 In
874 1480 1243 1537 Mac-rebium
1286 1481 1377 1535 Ιο.
1419 1480 1601 1535 Isacii
1640 1478 1911 1535 Pontani.

323 1562 630 1621 Pristinus
673 1563 945 1639 auspicio
986 1563 1256 1621 Pontani
1297 1562 1567 1620 redditus
1614 1571 1708 1620 est
1749 1582 1907 1620 nunc

405 1647 718 1706 Macrobio
761 1647 924 1706 culm
969 1649 1080 1705 sub
1121 1647 1350 1721 potiore
1389 1648 1569 1704 nitor.

326 1731 604 1792 Gaudete
647 1752 683 1790 o
726 1738 992 1789 veterum
1040 1731 1401 1806 scriptorum
1444 1732 1738 1809 naufraga
1777 1731 1977 1804 turba,

414 1814 482 1876 Si
526 1835 681 1892 quos
711 1816 1230 1884 Macrobii‚docta
1266 1834 1535 1892 papyrus
1582 1817 1781 1873 habet.

325 1900 508 1959 Hanc
550 1921 662 1978 per
696 1901 1071 1959 Macrobium
1119 1901 1303 1958 vitam
1354 1901 1669 1977 spirabitis
1717 1899 1884 1971 olim,

414 1985 589 2061 Quae
631 2005 743 2063 per
779 1986 1122 2044 Pontanum
1168 1986 1409 2043 reddita
1445 1985 1753 2044 Macrobio
1798 1991 1911 2042 est.

620 2157 715 2213 17.
805 2157 883 2212 In
925 2155 1248 2214 Auriacum
1291 2157 1560 2213 Danielis
1602 2155 1847 2212 Heinsii.

326 2239 756 2316 Melpomenae
796 2258 1029 2299 sacrum
1080 2241 1226 2298 facit
1268 2239 1586 2298 Heinsius.
1625 2258 1733 2297 ore
1777 2240 2005 2312 favete,

410 2324 574 2383 Dum
619 2325 810 2401 quatit
852 2325 1191 2402 Aeschyleo
1242 2325 1481 2401 pulpita
1521 2324 1685 2399 picta
1732 2324 1908 2399 pede.

328 2408 496 2470 Cede
536 2407 900 2486 Sophoelaei
940 2428 1182 2468 carmen
1225 2409 1433 2487 regale
1472 2409 1782 2478 cothurni3

413 2493 628 2554 Cedite
666 2493 982 2571 Cecropiis
1017 2496 1234 2571 plausa
1275 2496 1513 2552 theatra
1558 2494 1782 2551 choris.

324 2579 634 2656 Principis
677 2580 781 2637 ille
829 2579 1021 2638 vicem
1074 2580 1358 2652 subitam,
1406 2580 1793 2652 strictumque
1839 2576 2056 2634 dolose

411 2663 561 2722 Non
608 2671 965 2741 exspectato
1007 2665 1237 2722 fulmen
1283 2665 1358 2722 ab
1402 2665 1581 2722 hoste
1628 2663 1811 2734 canit,

325 2751 407 2808 Et
445 2749 633 2806 fixum
669 2750 732 2807 in
776 2749 973 2826 patria
1011 2750 1149 2807 dum
1187 2750 1393 2824 figitur
1427 2750 1490 2806 in
1529 2748 1724 2820 Duce,
1763 2746 2003 2805 vulnus.

411 2832 593 2891 Hane
634 2834 744 2891 tibi
786 2833 956 2892 nulla
998 2834 1128 2892 dies
1174 2833 1370 2904 tollet‚
1410 2833 1606 2900 lbere,
1645 2839 1871 2890 notam.

327 2917 882 2994 Grandiloquisque
895 2917 1117 2977 Heinsi
1143 2919 1599 2992 numeriS‚quae
1622 2917 1883 2974 dedecus
1909 2934 2035 2973 una
2064 2922 2163 2974 est

411 3003 582 3062 Mors
620 3003 752 3076 tibi,
789 3001 1108 3062 Nassovio
1151 3003 1278 3059 vita
1316 3003 1603 3080 perennis
1650 3001 1778 3058 erit.

550 3173 643 3232 18.
725 3176 804 3232 In
847 3173 1134 3230 Balduini
1179 3173 1512 3230 Berlicomii
1554 3170 1946 3228 Hiero-sticho.

331 3255 618 3340 Carmina
659 3257 983 3316 Berlicomi
1024 3277 1149 3316 non
1192 3276 1346 3315 vano
1391 3254 1616 3314 sublita
1656 3255 1821 3326 suec,

419 3339 541 3401 Sed
581 3351 835 3417 castum,
886 3350 946 3400 et
988 3362 1174 3419 purae
1215 3349 1356 3400 sunt
1395 3339 1650 3398 Pietatis
1694 3358 1873 3415 opus.

332 3424 478 3502 Ipse
521 3428 760 3503 quidem
799 3435 1041 3505 poterat
1083 3428 1239 3486 votis
1282 3425 1613 3483 maioribus
1654 3442 1805 3482 usus

413 3510 559 3569 Alta
595 3514 882 3571 Maronea
920 3514 1107 3571 verba
1148 3532 1364 3571 sonare
1409 3510 1580 3567 tuba:
