2452 4186
1238 301 1362 361 394

381 471 590 530 Hucce
637 470 786 529 dicis
832 490 1056 530 caussa
1098 472 1492 531 advenientes
1540 473 1784 530 numine
1828 475 2023 533 amico

382 552 615 615 Mitibu'
662 556 977 633 temperiis
1013 557 1282 616 futantes
1325 577 1477 616 sana
1518 558 1761 616 fluenta.

384 726 461 785 51
692 726 1018 784 Triennalis
1052 728 1250 785 Patris
1294 730 1575 803 suffimen,
1621 737 1905 785 aromata.

382 810 520 870 Huc
555 810 722 869 adsis
765 811 972 883 Liber,
1013 812 1330 885 Lucumo,-·
1358 812 1747 872 celeberrime
1783 810 1925 884 Die,

382 896 667 967 Torcule,
711 895 1094 969 TaurifronS,
1139 905 1271 956 sate
1315 897 1588 970 fulmine,
1640 897 1859 974 Nysie,
1904 898 2143 972 Faune,

379 981 593 1040 Matris
640 980 902 1053 alumne,
950 984 1190 1039 sacrum
1238 990 1435 1058 pater,
1478 982 1805 1059 ignivomo,
1842 990 1903 1040 et
1923 982 2216 1059 Velabre,

382 1065 733 1137 Consentis,
772 1073 1087 1139 nocturne,
1133 1067 1480 1144 geriferule,
1526 1076 1588 1125 et
1627 1067 1904 1140 tutulate,

379 1154 618 1208 Arcane
661 1160 837 1225 atque
874 1150 1098 1208 indicte
1141 1152 1311 1211 Iovis
1355 1154 1562 1229 stirpe,
1622 1153 1885 1211 Virtrius
1925 1152 2120 1213 idem:

378 1235 751 1313 Primigena,
794 1235 860 1264 ’ἃ
907 1244 1087 1312 atque
1130 1238 1334 1295 Deum
1376 1246 1552 1314 pater
1597 1245 1658 1296 et
1699 1237 1906 1314 stirps.

379 1320 617 1394 Baiule,
656 1319 1122 1398 sceptrigerenS,
1154 1321 1595 1397 Saliorumque
1647 1323 1860 1382 histrio
1896 1324 2174 1399 praesul,

377 1406 709 1465 Foemineo
751 1406 1070 1477 stimulans
1118 1406 1324 1464 divina
1363 1408 1627 1467 triennia
1669 1416 1866 1467 coetu.

381 1491 739 1568 Terricrepe
783 1499 960 1565 atque
1005 1491 1233 1568 Tages,
1279 1490 1573 1565 Lucetiu’,
1611 1493 1780 1570 pulle
1824 1492 2104 1565 bimater,

382 1574 714 1649 Solemnis,
758 1585 1023 1648 cornute,
1062 1577 1364 1653 Iugatine,
1410 1578 1875 1637 hinnulivestis:

379 1660 652 1734 Insinue,
697 1662 968 1732 Iuturne,
1013 1663 1355 1735 racemifer,
1401 1663 1760 1737 auriquiriti,

377 1746 686 1824 Virginee,
734 1746 1002 1805 studiose
1046 1747 1383 1819 ederarum,
1422 1747 1626 1806 vinule
1665 1748 1875 1822 Liber,

377 1830 755 1891 Flaminibus
798 1832 1031 1903 faveas,
1064 1833 1434 1908 gratissime,
1479 1834 1726 1892 floribus
1767 1853 2022 1913 augens.

380 1999 460 2057 52
607 2001 1012 2058 Anniversarii
1056 2003 1338 2075 suffimen,
1384 2005 1575 2059 omnia
1609 2013 1847 2080 praeter
1884 2013 1992 2062 tus.

376 2084 574 2143 Elicio
622 2103 803 2161 prece
847 2092 907 2142 te
955 2085 1251 2144 solemnis
1299 2086 1581 2147 Tellumo
1626 2088 1831 2161 Liber,

380 2168 530 2228 Cum
572 2170 796 2228 teneris
835 2170 1055 2228 blande
1101 2170 1278 2229 simul
1324 2175 1629 2250 expergite
1675 2174 1950 2232 virabus:

379 2253 497 2327 Qui
539 2274 785 2313 numero
837 2255 1076 2331 sopitus
1115 2257 1191 2333 ad
1231 2257 1388 2314 atria
1430 2259 1688 2317 Liberae
1736 2262 2039 2333 Avernae,

376 2338 524 2397 Puri
567 2340 853 2416 consopis
897 2351 1154 2419 augusta
1195 2343 1459 2402 triennia
1496 2343 1672 2402 sacri.

376 2430 575 2500 Atque
619 2426 779 2483 idem
826 2426 1080 2484 simulac
1127 2427 1215 2485 cis
1251 2428 1412 2486 festa
1458 2429 1722 2486 triennia
1768 2447 2002 2501 rursus,

377 2510 573 2568 Dulce
620 2512 743 2569 cies
794 2529 929 2568 cum
967 2512 1247 2570 cinctutis
1296 2514 1613 2571 nutricibu'
1659 2532 1924 2585 carmen,

377 2593 600 2671 Vagitu
639 2603 929 2673 vegetans
972 2611 1177 2654 coetus
1220 2599 1592 2656 vortentibus
1636 2600 1834 2657 annis.

376 2680 541 2757 Ergo
586 2680 704 2738 hoc
746 2681 1132 2757 frugivirens,
1172 2683 1340 2755 here,
1388 2684 1683 2760 corniger,
1734 2684 1986 2759 optime,
2023 2683 2210 2762 frugi,

375 2763 779 2822 Pandiculare
825 2783 1061 2824 sacrum
1104 2767 1295 2839 visaS,
1341 2768 1451 2826 sed
1492 2768 1720 2826 lumine
1763 2768 1952 2840 laeto,

374 2848 794 2925 Percoquibus
835 2850 1051 2924 sacris,
1092 2853 1356 2911 aeternis
1395 2854 1655 2931 frugibu’
1696 2861 1949 2911 mactus·

378 3021 457 3078 53
549 3019 821 3090 Silvani,
844 3023 1072 3092 Incubi,
1110 3023 1466 3081 Brumarum
1506 3024 1784 3098 suffimen,
1828 3042 2064 3081 manna.

376 3106 535 3163 Audi
576 3125 672 3163 me
714 3106 928 3163 Brumi
973 3107 1134 3164 bone
1181 3109 1514 3166 nutricator
1560 3115 1620 3165 et
1666 3108 1838 3179 altor,

375 3191 568 3266 Inque
616 3191 790 3249 statis
830 3191 1021 3249 sacris
1065 3212 1189 3250 non
1235 3194 1448 3252 ultima
1491 3212 1635 3251 cura
1674 3192 1971 3265 Deorum,

375 3277 717 3353 Magnaque
760 3294 903 3335 cura
944 3275 1279 3351 hominum,
1325 3278 1717 3336 celeberrime
1756 3276 2188 3353 Sylvanorum,

374 3359 692 3435 Hircipile,
737 3369 796 3419 et
843 3379 1050 3419 sacrae
1096 3365 1343 3440 pompai
1385 3364 1635 3440 praesul
1682 3364 1969 3421 honeste:

372 3444 665 3523 Pervigil,
709 3454 886 3519 atque
927 3445 1046 3504 tuis
1089 3447 1513 3521 iuvenescens,
1553 3448 1761 3520 iubile,
1805 3448 2064 3506 Faunis:

374 3529 728 3588 Brumarum
765 3531 1093 3588 cinctarum
1136 3534 1357 3606 ederis,
1401 3542 1765 3610 praetorque
1811 3533 2099 3603 virorum,
