2452 4186
1106 299 1230 358 319

246 470 588 529 Defunctus
630 468 781 526 abiit
820 449 1104 529 lacrumis
1150 480 1212 527 et
1252 468 1534 571 luctibus.

246 556 502 614 Teucer.
594 553 757 624 Heu,
797 554 935 610 heu.

247 639 358 700 Ch.
443 638 673 699 Audita
713 638 937 696 Teucri
972 659 1116 713 vox,
1156 639 1307 696 mihi
1345 647 1411 695 ut
1457 639 1692 697 videor:
1731 647 1883 697 tace.
2079 633 2182 691 975

244 726 439 785 Porro
476 724 723 800 quiritat
764 742 1009 782 carmen
1051 724 1235 781 affine
1278 724 1418 780 huic
1463 723 1646 782 malo,

246 810 400 868 Teu.
484 810 539 870 O
585 809 773 867 frater
810 809 990 882 Aiax,
1037 829 1073 866 o
1116 809 1266 866 mihi
1308 828 1514 868 earum
1560 818 1753 884 caput.

245 896 417 953 Itane
460 894 596 951 alea
640 893 839 952 omnis
881 893 1060 966 iacta,
1121 903 1185 951 ut
1224 912 1435 952 omnes
1475 894 1825 952 autumant?

246 979 358 1040 01].
449 982 670 1040 Actum
699 986 819 1037 est:
866 980 958 1037 vir
982 979 1109 1051 ille,
1134 980 1299 1053 quod
1331 979 1511 1052 scias,
1544 978 1800 1051 Tenere,
1841 978 2079 1037 occidit.

246 1066 399 1123 Teu.
449 1065 504 1124 Ο
551 1082 853 1140 asperam,
892 1083 1253 1141 gravemque
1297 1064 1596 1122 fortunam
1641 1066 1866 1122 meam!
2114 1069 2218 1123 980

246 1149 359 1210 01].
446 1150 535 1209 Ut
576 1157 715 1207 nata
748 1167 847 1206 res
890 1157 1002 1208 est.
1091 1148 1243 1206 Teu.
1293 1148 1433 1206 Heu
1457 1169 1570 1226 ego
1598 1150 1814 1208 miser!
1861 1148 2079 1207 miser!

247 1234 360 1295 Ch.
449 1234 642 1292 Plane
658 1235 1015 1310 gemendum
1029 1241 1141 1292 est.
1160 1233 1312 1291 Teu.
1333 1233 1387 1292 O
1402 1235 1825 1309 gravissimum
1837 1233 2080 1291 malum!

244 1319 358 1379 01].
450 1318 1100 1392 Hoc,Teucre,verum
1117 1329 1229 1377 est.
1292 1318 1597 1377 Teu.Heu
1627 1320 1847 1378 miser!
1895 1319 2079 1393 quid?

245 1405 425 1463 Illius
465 1405 529 1461 in
575 1403 1000 1479 quo·Troadis
1049 1404 1199 1462 situs
1245 1402 1384 1461 loco
1434 1404 1569 1462 est?
1891 1405 2077 1479 [filius

243 1489 358 1549 Ch.
420 1489 623 1547 Ellum
654 1490 839 1550 intus,
921 1488 1072 1546 Teu.
1097 1487 1279 1545 Illum
1305 1505 1484 1563 quam
1507 1497 1716 1565 potest
1739 1489 2050 1547 celerrime
2077 1501 2180 1554 985

241 1575 385 1633 Huc
425 1575 591 1632 intus
640 1574 811 1645 educ,
855 1594 932 1631 ne
971 1573 1108 1648 quis
1153 1579 1217 1632 ut
1256 1573 1520 1630 catulum
1561 1574 1805 1631 unicum

245 1661 453 1720 Orbae
492 1660 743 1716 leaenae
789 1658 1121 1717 malevolus
1166 1677 1380 1734 rapere
1426 1668 1693 1734 occupet.

241 1745 395 1804 Abi:
436 1763 618 1804 move
672 1753 755 1802 te:
810 1763 1001 1802 curre.
1047 1761 1185 1801 nam
1229 1744 1567 1802 iacentibus

248 1831 486 1891 Omnes
531 1829 776 1890 student
813 1849 881 1888 se
919 1829 1175 1887 mortuis
1215 1828 1490 1886 illudere.

243 1914 357 1975 01].
450 1914 573 1975 Sed
617 1915 811 1972 adhuc
857 1922 918 1972 et
958 1913 1118 1971 idem
1163 1913 1338 1972 vivus
1383 1913 1473 1970 illi
1523 1914 1732 1973 sedulo
2076 1929 2181 1982 990

242 2000 475 2060 Curare
515 2000 627 2058 tibi
667 1999 996 2070 mandavit,
1041 2007 1107 2055 ut
1145 2017 1322 2057 curas
1364 1998 1628 2074 quidem.

244 2086 402 2145 Teu.
474 2085 529 2145 O
559 2085 818 2144 omnium
852 2103 1307 2159 unquam,quae
1325 2084 1564 2160 quidem
1592 2084 1786 2144 oculis
1804 2084 2077 2158 viderim,

242 2170 673 2248 Spectaculum
714 2171 1216 2229 horridissumum
1263 2179 1323 2227 et
1358 2171 1822 2248 gravissumum.

246 2258 306 2317 O
348 2264 591 2334 praeter
632 2275 863 2328 omnes,
906 2274 1057 2330 quas
1102 2256 1408 2331 profectus
1453 2275 1587 2315 sum
1632 2256 1907 2326 antehac,

244 2342 532 2400 Laedens
576 2361 771 2400 meum
819 2360 918 2398 cor
963 2358 1251 2397 maxume
1295 2340 1444 2396 haee
1485 2340 1798 2413 profectiO,
2077 2355 2179 2408 995

241 2427 576 2501 Postquam
614 2435 778 2499 tuae,
823 2425 1004 2497 Aiax,
1046 2424 1260 2482 mortis
1302 2433 1495 2481 atrum
1541 2425 1823 2481 nuncium

245 2511 454 2585 Sensi,
505 2513 834 2587 insequens
880 2518 1115 2582 cuncta,
1175 2517 1352 2583 atque
1395 2509 1706 2585 vestigans
1753 2515 1904 2566 cate.

244 2597 410 2656 Nam
453 2598 607 2655 citus
650 2598 950 2654 Achivum
996 2603 1198 2655 castra
1238 2594 1703 2671 pervolgaverat

248 2682 343 2740 Te
380 2684 503 2740 iam
548 2683 784 2756 perisse
827 2701 1052 2754 rumor,
1095 2688 1161 2737 ut
1199 2679 1339 2746 Dei,
1385 2680 1690 2754 frequens.

174 2757 186 2767 ’
247 2768 424 2843 Quae
463 2787 596 2826 cum
641 2768 825 2825 miser
866 2767 1234 2844 longinquus
1280 2764 1547 2823 audirem
1587 2764 1816 2841 procul,
2080 2783 2214 2836 1000

244 2855 492 2913 Absens
540 2853 885 2929 gemebam:
932 2871 1089 2909 nunc
1133 2851 1346 2909 videns
1387 2869 1574 2926 pereo
1620 2850 1797 2907 male.

245 2940 345 2996 Me
382 2939 697 2996 miserum!

243 3023 464 3082 Velum
508 3023 699 3093 aufer,
739 3042 912 3081 omne
956 3030 1041 3094 ut,
1086 3020 1367 3096 quiequid
1397 3029 1518 3094 est,
1557 3020 1792 3078 videam
1832 3019 2073 3079 malum.

247 3109 303 3168 O
353 3108 487 3165 dira
531 3108 768 3181 species
815 3115 1157 3183 perpetrata
1201 3106 1508 3178 atrociter,
2041 3136 2048 3139 *

248 3192 413 3266 Quot
457 3193 640 3251 corde
689 3211 865 3251 curas
911 3194 1205 3251 obserens
1244 3192 1490 3250 moreris
1535 3189 1727 3247 mihi?
2080 3210 2212 3263 1005

248 3277 419 3351 Quae
456 3297 616 3336 nunc
653 3277 830 3336 adibo
873 3278 1104 3354 regna?
1147 3294 1302 3350 quos
1346 3275 1627 3336 homines
1668 3278 1907 3350 petam?

249 3361 363 3421 Oui
413 3383 540 3422 non
582 3372 686 3420 tua
728 3364 793 3420 in
836 3382 903 3419 re
928 3365 1216 3437 brepera,
1269 3362 1482 3434 amice,
1524 3361 1818 3419 iuverim?

247 3448 544 3506 Telamon
587 3466 783 3520 meus,
826 3456 1082 3522 tuusque
1126 3447 1457 3505 communis
1499 3453 1672 3520 pater

250 3533 478 3597 Laetus
527 3552 644 3606 me,
685 3541 745 3591 et
784 3533 960 3592 hilari
998 3533 1197 3592 fronte
1233 3533 1510 3590 reducem
1551 3531 1783 3590 scilicet
