2452 4186
1264 307 1390 369 242

414 476 561 558 Λιτὴ
611 475 814 537 δίαιτα
853 472 1139 556 πάρυφος
1185 473 1313 536 ἐστ’
1364 472 1665 541 εὐδοξίας.

413 562 623 627 Λιταῖς
670 558 960 640 ἀκαμπὴς
1003 557 1493 641 δυσπαραίτητος
1533 554 1778 641 τρόπος.

416 642 824 713 Τάνεξίκακον
872 640 1154 724 ὀργισθὲν
1203 643 1550 727 οἰστροῧται
1593 640 1769 725 ταχύ.

417 727 502 792 Τὸ
550 727 774 810 μέλλον
813 725 1006 788 οἰθλεῖ
1049 727 1130 810 μή
1180 750 1236 789 τι
1273 726 1556 789 νικᾶσθαι
1598 725 1810 788 θέλον.

416 814 687 876 Διπλοῦν
738 808 1055 893 ἁμάρτημ’
1110 810 1317 879 οὔτις
1361 810 1475 873 οὐκ
1517 811 1671 873 αἰδὼ
1719 813 1912 893 κυρεῖ.

417 895 816 979 Τοῦγκλημα,
856 895 1074 978 καίπερ
1119 896 1380 979 μετρίως
1424 895 1671 979 λεχθὲν,
1710 898 1914 958 κακοῖ.

400 976 608 1045 “Απαν
659 980 721 1041 ἐν
763 979 902 1063 ὄψει
949 980 1253 1043 λανθάνον
1293 981 1503 1055 κακὸν,
1553 978 1728 1065 βαρύ.

418 1064 505 1130 Τὸ
553 1068 740 1149 κρῖμα
786 1064 975 1146 μηδὲν
1017 1063 1089 1126 οὐ
1137 1063 1425 1149 πρόκριμ’
1476 1063 1646 1149 ἔχον,
1696 1062 1874 1149 βαρύ.

415 1148 591 1234 Βαρὺ
633 1147 962 1231 πρόκριμα,
1008 1152 1196 1232 κρῖμα
1246 1151 1434 1232 μηδὲν
1481 1149 1596 1211 οὐκ
1644 1146 1809 1232 ἔχον.

417 1234 638 1318 Ψυχῆς
684 1233 906 1317 βαρεῖα
955 1232 1495 1316 μεταμελουμένης
1538 1232 1704 1300 τίσις.

420 1317 726 1403 Φρόνημα
772 1315 993 1399 σεμνὸν
1044 1318 1116 1379 οὐ
1166 1319 1549 1403 διχογνῶμον
1593 1316 1790 1379 πέλει.

414 1399 683 1487 Ἐχθρὸς
716 1403 1019 1479 κάκιστος,
1063 1402 1224 1470 ὅστις
1277 1403 1339 1465 ἐν
1381 1406 1470 1487 νῷ
1509 1400 1855 1486 κρύπτεται.

420 1485 743 1570 Τομώτερ’
790 1486 915 1548 ἐστὶ
958 1486 1251 1549 κινδύνων
1299 1485 1414 1568 ἄκη
1463 1487 1616 1549 τινά.

416 1569 710 1654 Χρηστοῧ
756 1572 975 1657 βαρεῖα
1012 1576 1184 1653 μῆνις
1222 1571 1555 1654 ἀνθρώπου
1601 1574 1792 1655 κυρεῖ.

419 1654 794 1740 Πρόσταγμα
842 1657 1040 1718 δεινὸν
1090 1660 1194 1738 τῆς
1233 1655 1562 1738 συνηθείας
1609 1653 1750 1738 ἔφυ.

403 1735 660 1803 ’Άπασα
705 1740 870 1822 δεινὴ
920 1743 1047 1808 τοῖς
1089 1741 1366 1822 ἀπείροις
1410 1740 1719 1823 συμφορά.

419 1821 539 1886 Τὸν
582 1823 734 1887 ἴδιον
783 1823 1011 1908 ἔλαχον
1063 1826 1151 1888 ἰὸν
1197 1824 1448 1906 αἱμύλοι
1488 1824 1682 1906 λόγοι.

419 1908 671 1971 Διδοῦσ’
715 1909 1003 1992 ἀφορμὴν
1041 1907 1405 1991 κακολόγοις
1446 1910 1661 1971 πυκνοὶ
1696 1910 1906 1993 γάμοι.

420 1992 642 2077 Φέρείν
683 1994 996 2077 διάδοχον,
1034 1995 1072 2076 ἢ
1126 1994 1403 2078 γράφειν,
1447 1997 1718 2075 κρεῖττον
1763 1992 1960 2056 πέλει.

417 2074 668 2140 Κλαίων
715 2078 1007 2162 διάδοχος
1050 2079 1166 2141 ὑπὸ
1208 2078 1583 2186 προσωπείῳ
1619 2081 1792 2163 γελᾷ.

410 2161 522 2230 Ὣς
564 2167 765 2245 κτῆμα
811 2163 1182 2247 δυστήρητον
1226 2164 1347 2226 εστ’
1392 2162 1671 2232 εὐδοξίαῑ

411 2244 523 2315 Ὣς
568 2248 781 2322 δεινὸς,
830 2246 992 2314 ὅστις
1031 2247 1185 2310 οἴετ’
1233 2249 1514 2332 ἀσφαλὲς
1553 2248 1796 2311 θανεῖνῖ

405 2328 658 2394 Ἔνδεια
701 2335 930 2415 τολμᾷν
974 2331 1168 2394 πόλλ’
1206 2334 1534 2415 ἀναγκάζει
1585 2333 1859 2418 βροτούς.

405 2413 571 2485 ἝΕω
613 2415 667 2498 γ’
720 2417 942 2479 ἑαυτοῦ
985 2416 1201 2499 γέγονε
1253 2417 1480 2500 μηνίων
1525 2418 1699 2502 ἀνήρ.

418 2497 546 2563 Τοῦ
593 2501 672 2584 μὴ
731 2501 1079 2583 στερεῖσθαι
1121 2507 1242 2564 τῶν
1283 2501 1512 2578 πόνων,
1559 2501 1739 2586 εὗρες
1782 2501 1995 2586 τύχην.

403 2578 636 2652 ’Όσους
687 2584 756 2647 ἄν
807 2586 973 2647 ἰδίων
1024 2586 1384 2670 ἀποβάλοις,
1428 2589 1675 2655 τοσάκις
1712 2586 1912 2649 θανεῖ.

406 2666 775 2751 Ἀνθρωπος
810 2669 964 2733 ἄλλο
1011 2670 1322 2754 φθέγγετ’,
1367 2670 1521 2734 ἄλλο
1568 2672 1626 2734 δ’
1679 2671 1895 2733 ἐννοεῖ.

418 2748 553 2835 Βίῳ
601 2753 665 2813 σ’
717 2753 999 2838 ἔχρησεν,
1048 2755 1119 2816 οὐ
1165 2753 1461 2831 δέδωκεν,
1510 2757 1548 2838 ἡ
1592 2755 1769 2841 τύχη.

420 2831 498 2897 Τί
529 2836 652 2898 ἐστ’
702 2838 966 2921 ἀνάγκη;
1006 2839 1242 2921 θεσμὸς
1285 2839 1618 2924 εὐσχήμων
1660 2839 1913 2948 χρόνου.

416 2916 627 2984 Καλόν
669 2921 726 3002 γ’
773 2923 1153 3006 ὑπηρέτημα,
1198 2924 1515 2986 δουλεύειν
1562 2947 1790 3010 χρονῳ.

421 3000 822 3086 Τοῦ’[ν]δοξον
867 3007 994 3069 ἐστι
1041 3008 1300 3091 δευτέρα
1338 3011 1701 3092 παγκτησία.

420 3086 872 3172 Σύ[γ]γνωστός
916 3090 1093 3166 ἐστιν,
1140 3091 1304 3160 ὅστις
1349 3095 1642 3178 αἰσχυνὴν
1691 3092 1844 3178 ἔχει.

418 3169 796 3256 Σύ[γ]γνωθι
838 3178 965 3244 τοῖς
1006 3175 1248 3238 ἄλλοισι
1293 3178 1424 3260 μὲν,
1473 3179 1678 3264 ἑαυτῷ
1725 3179 1794 3240 δὲ
1828 3180 1933 3262 μή.

418 3253 662 3321 Σαυτοδ
707 3258 1017 3342 κατέγνως
1061 3257 1112 3344 ᾧ
1159 3262 1459 3344 ἠδίκησας
1500 3263 1708 3346 ἤματι.

417 3339 927 3425 Καταπροιὲασθ’
980 3345 1132 3427 ὀλίγ’
1184 3345 1580 3430 ἁμαρτόντων
1628 3345 1734 3410 ἔνι.

416 3422 722 3511 Ἐρῶντος
767 3428 986 3513 ἀνδρὸς
1028 3434 1203 3512 μῆνις
1253 3431 1373 3493 αἰεὶ
1418 3431 1728 3513 ψεύδεται.

411 3507 518 3574 Ἐν
565 3511 864 3574 ἀθλίοισιν
909 3514 1086 3598 ὕβρις
1130 3514 1256 3577 ἐστὶ
1299 3514 1361 3599 χ’
1414 3514 1464 3600 ῴ
1509 3515 1727 3598 γέλως.
