<?xml version="1.0" encoding="UTF-8"?>
<!DOCTYPE html PUBLIC "-//W3C//DTD XHTML 1.0 Transitional//EN"
    "http://www.w3.org/TR/xhtml1/DTD/xhtml1-transitional.dtd">
<html xmlns="http://www.w3.org/1999/xhtml" xml:lang="en" lang="en">
 <head>
  <title>
</title>
<meta http-equiv="Content-Type" content="text/html;charset=utf-8" />
  <meta name='ocr-system' content='tesseract 3.04.00' />
  <meta name='ocr-capabilities' content='ocr_page ocr_carea ocr_par ocr_line ocrx_word'/>
</head>
<body>
  <div class='ocr_page' id='page_1' title='image "./iosephiscaliger02scalgoog/iosephiscaliger02scalgoog_0046.png"; bbox 0 0 2452 4186; ppageno 0'>
   <div class='ocr_carea' id='block_1_1' title="bbox 1220 294 1302 352">
    <p class='ocr_par' dir='ltr' id='par_1_1' title="bbox 1220 294 1302 352">
     <span class='ocr_line' id='line_1_1' title="bbox 1220 294 1302 352; baseline 0 0"><span class='ocrx_word' id='word_1_1' title='bbox 1220 294 1302 352; x_wconf 80' lang='lat'>44</span> 
     </span>
    </p>
   </div>
   <div class='ocr_carea' id='block_1_2' title="bbox 1111 381 1410 388">
    <p class='ocr_par' dir='ltr' id='par_1_2' title="bbox 1111 381 1410 388">
     <span class='ocr_line' id='line_1_2' title="bbox 1111 381 1410 388; baseline 0 3798"><span class='ocrx_word' id='word_1_2' title='bbox 1111 381 1410 388; x_wconf 95' lang='lat' dir='ltr'> </span> 
     </span>
    </p>
   </div>
   <div class='ocr_carea' id='block_1_3' title="bbox 335 458 1948 3594">
    <p class='ocr_par' dir='ltr' id='par_1_3' title="bbox 335 458 1948 3594">
     <span class='ocr_line' id='line_1_3' title="bbox 342 458 1625 575; baseline -0.001 -52"><span class='ocrx_word' id='word_1_3' title='bbox 342 459 447 531; x_wconf 88' lang='grc' dir='ltr'>Ἐξ</span> <span class='ocrx_word' id='word_1_4' title='bbox 495 458 781 542; x_wconf 80' lang='grc' dir='ltr'>ἀκμόνων</span> <span class='ocrx_word' id='word_1_5' title='bbox 826 478 913 533; x_wconf 90' lang='grc' dir='ltr'>τε,</span> <span class='ocrx_word' id='word_1_6' title='bbox 963 461 1068 538; x_wconf 79' lang='grc' dir='ltr'>τῆς</span> <span class='ocrx_word' id='word_1_7' title='bbox 1111 484 1175 522; x_wconf 84' lang='grc' dir='ltr'>τε</span> <span class='ocrx_word' id='word_1_8' title='bbox 1218 459 1625 575; x_wconf 81' lang='grc' dir='ltr'>χειρωναξίας</span> 
     </span>
     <span class='ocr_line' id='line_1_4' title="bbox 348 541 1234 626; baseline -0.003 -16"><span class='ocrx_word' id='word_1_9' title='bbox 348 544 827 618; x_wconf 83' lang='grc' dir='ltr'>Χαλκολτύπου,</span> <span class='ocrx_word' id='word_1_10' title='bbox 855 541 1173 626; x_wconf 88' lang='grc' dir='ltr'>σφύραισιν</span> <span class='ocrx_word' id='word_1_11' title='bbox 1203 546 1234 607; x_wconf 85' lang='grc' dir='ltr'>ἐ</span> 
     </span>
     <span class='ocr_line' id='line_1_5' title="bbox 348 625 1867 715; baseline -0.001 -19"><span class='ocrx_word' id='word_1_12' title='bbox 348 629 486 715; x_wconf 72' lang='grc' dir='ltr'>Κᾴκ</span> <span class='ocrx_word' id='word_1_13' title='bbox 531 636 652 692; x_wconf 87' lang='grc' dir='ltr'>τῶν</span> <span class='ocrx_word' id='word_1_14' title='bbox 691 625 1049 709; x_wconf 80' lang='grc' dir='ltr'>κακούργων</span> <span class='ocrx_word' id='word_1_15' title='bbox 1098 629 1394 692; x_wconf 84' lang='grc' dir='ltr'>τεκτόνων</span> <span class='ocrx_word' id='word_1_16' title='bbox 1439 630 1700 711; x_wconf 86' lang='grc' dir='ltr'>γείσσων</span> <span class='ocrx_word' id='word_1_17' title='bbox 1747 630 1867 694; x_wconf 82' lang='grc' dir='ltr'>’ἄπο</span> 
     </span>
     <span class='ocr_line' id='line_1_6' title="bbox 349 711 1650 800; baseline -0.002 -23"><span class='ocrx_word' id='word_1_18' title='bbox 349 714 705 800; x_wconf 89' lang='grc' dir='ltr'>Κεραμίδος</span> <span class='ocrx_word' id='word_1_19' title='bbox 748 711 939 794; x_wconf 82' lang='grc' dir='ltr'>ἄκρης</span> <span class='ocrx_word' id='word_1_20' title='bbox 984 713 1259 798; x_wconf 79' lang='grc' dir='ltr'>λευσίμῳ</span> <span class='ocrx_word' id='word_1_21' title='bbox 1297 718 1650 797; x_wconf 83' lang='grc' dir='ltr'>πετρώματι</span> 
     </span>
     <span class='ocr_line' id='line_1_7' title="bbox 349 795 1664 884; baseline -0.002 -21"><span class='ocrx_word' id='word_1_22' title='bbox 349 799 610 884; x_wconf 86' lang='grc' dir='ltr'>Κάρηνα</span> <span class='ocrx_word' id='word_1_23' title='bbox 652 795 945 879; x_wconf 89' lang='grc' dir='ltr'>καιρίαισι</span> <span class='ocrx_word' id='word_1_24' title='bbox 992 797 1384 880; x_wconf 84' lang='grc' dir='ltr'>θρυπτύντων</span> <span class='ocrx_word' id='word_1_25' title='bbox 1430 801 1664 883; x_wconf 83' lang='grc' dir='ltr'><strong>βολαῖς,</strong></span> 
     </span>
     <span class='ocr_line' id='line_1_8' title="bbox 349 881 1780 967; baseline -0.003 -17"><span class='ocrx_word' id='word_1_26' title='bbox 349 884 475 950; x_wconf 87' lang='grc' dir='ltr'>Καὶ</span> <span class='ocrx_word' id='word_1_27' title='bbox 519 882 665 967; x_wconf 71' lang='grc' dir='ltr'>κῆρ&gt;</span> <span class='ocrx_word' id='word_1_28' title='bbox 714 881 961 963; x_wconf 79' lang='grc' dir='ltr'>ἑτοίμην</span> <span class='ocrx_word' id='word_1_29' title='bbox 1008 887 1114 964; x_wconf 79' lang='grc' dir='ltr'>τῆς</span> <span class='ocrx_word' id='word_1_30' title='bbox 1154 883 1528 966; x_wconf 79' lang='grc' dir='ltr'>ἀπειλούσης</span> <span class='ocrx_word' id='word_1_31' title='bbox 1572 884 1780 948; x_wconf 81' lang='grc' dir='ltr'>δοκοῦ.</span> 
     </span>
     <span class='ocr_line' id='line_1_9' title="bbox 352 965 1823 1052; baseline 0.001 -23"><span class='ocrx_word' id='word_1_32' title='bbox 352 968 491 1033; x_wconf 88' lang='grc' dir='ltr'>Τῶν</span> <span class='ocrx_word' id='word_1_33' title='bbox 533 975 592 1029; x_wconf 84' lang='grc' dir='ltr'>τ’</span> <span class='ocrx_word' id='word_1_34' title='bbox 644 966 705 1027; x_wconf 81' lang='grc' dir='ltr'>ἐν</span> <span class='ocrx_word' id='word_1_35' title='bbox 758 965 1129 1049; x_wconf 81' lang='grc' dir='ltr'>δρυφάκτοις</span> <span class='ocrx_word' id='word_1_36' title='bbox 1167 968 1400 1050; x_wconf 84' lang='grc' dir='ltr'>θηρίων</span> <span class='ocrx_word' id='word_1_37' title='bbox 1447 969 1823 1052; x_wconf 89' lang='grc' dir='ltr'>δικηφάγων,</span> 
     </span>
     <span class='ocr_line' id='line_1_10' title="bbox 351 1046 1830 1136; baseline -0.002 -18"><span class='ocrx_word' id='word_1_38' title='bbox 351 1052 476 1118; x_wconf 82' lang='grc' dir='ltr'>Καὶ</span> <span class='ocrx_word' id='word_1_39' title='bbox 516 1057 636 1115; x_wconf 92' lang='grc' dir='ltr'>τῶν</span> <span class='ocrx_word' id='word_1_40' title='bbox 681 1046 789 1111; x_wconf 76' lang='grc' dir='ltr'>ἀπ’</span> <span class='ocrx_word' id='word_1_41' title='bbox 840 1049 1035 1132; x_wconf 78' lang='grc' dir='ltr'>αὐλῆς</span> <span class='ocrx_word' id='word_1_42' title='bbox 1074 1053 1412 1115; x_wconf 81' lang='grc' dir='ltr'>κνωδάλων</span> <span class='ocrx_word' id='word_1_43' title='bbox 1463 1053 1830 1136; x_wconf 79' lang='grc' dir='ltr'>δυσωνύμου</span> 
     </span>
     <span class='ocr_line' id='line_1_11' title="bbox 343 1134 1622 1222; baseline -0.005 -19"><span class='ocrx_word' id='word_1_44' title='bbox 343 1139 586 1222; x_wconf 85' lang='grc' dir='ltr'>Ἀργῶν</span> <span class='ocrx_word' id='word_1_45' title='bbox 633 1134 911 1217; x_wconf 84' lang='grc' dir='ltr'>πιθήκων</span> <span class='ocrx_word' id='word_1_46' title='bbox 962 1136 1092 1199; x_wconf 83' lang='grc' dir='ltr'>ὦτα</span> <span class='ocrx_word' id='word_1_47' title='bbox 1136 1136 1622 1221; x_wconf 87' lang='grc' dir='ltr'>διατετρημένων</span> 
     </span>
     <span class='ocr_line' id='line_1_12' title="bbox 350 1217 1581 1308; baseline -0.003 -21"><span class='ocrx_word' id='word_1_48' title='bbox 350 1221 633 1308; x_wconf 88' lang='grc' dir='ltr'>Κρίκοισι</span> <span class='ocrx_word' id='word_1_49' title='bbox 677 1220 780 1281; x_wconf 83' lang='grc' dir='ltr'>καὶ</span> <span class='ocrx_word' id='word_1_50' title='bbox 821 1217 1102 1302; x_wconf 82' lang='grc' dir='ltr'>κόμαισιν</span> <span class='ocrx_word' id='word_1_51' title='bbox 1151 1220 1581 1304; x_wconf 73' lang='grc' dir='ltr'>ἐξησκημένων</span> 
     </span>
     <span class='ocr_line' id='line_1_13' title="bbox 354 1303 1684 1390; baseline -0.005 -18"><span class='ocrx_word' id='word_1_52' title='bbox 354 1303 831 1388; x_wconf 83' lang='grc' dir='ltr'>Γυναικομίμοις</span> <span class='ocrx_word' id='word_1_53' title='bbox 884 1306 1242 1390; x_wconf 79' lang='grc' dir='ltr'>βοστρύχων</span> <span class='ocrx_word' id='word_1_54' title='bbox 1280 1305 1684 1389; x_wconf 86' lang='grc' dir='ltr'>κηπεύμασιν.</span> 
     </span>
     <span class='ocr_line' id='line_1_14' title="bbox 342 1390 1790 1478; baseline -0.004 -21"><span class='ocrx_word' id='word_1_55' title='bbox 342 1390 595 1478; x_wconf 86' lang='grc' dir='ltr'>Ὄχλων</span> <span class='ocrx_word' id='word_1_56' title='bbox 641 1411 707 1450; x_wconf 91' lang='grc' dir='ltr'>τε</span> <span class='ocrx_word' id='word_1_57' title='bbox 746 1393 864 1450; x_wconf 88' lang='grc' dir='ltr'>τῶν</span> <span class='ocrx_word' id='word_1_58' title='bbox 920 1390 981 1452; x_wconf 83' lang='grc' dir='ltr'>ἐν</span> <span class='ocrx_word' id='word_1_59' title='bbox 1030 1390 1306 1475; x_wconf 84' lang='grc' dir='ltr'>εὐσεβῶν</span> <span class='ocrx_word' id='word_1_60' title='bbox 1354 1395 1569 1475; x_wconf 77' lang='grc' dir='ltr'>ψυχῶν</span> <span class='ocrx_word' id='word_1_61' title='bbox 1618 1390 1790 1476; x_wconf 82' lang='grc' dir='ltr'>φόνῳ</span> 
     </span>
     <span class='ocr_line' id='line_1_15' title="bbox 353 1473 1654 1559; baseline -0.002 -19"><span class='ocrx_word' id='word_1_62' title='bbox 353 1478 665 1559; x_wconf 84' lang='grc' dir='ltr'>Σφαγαῖσι</span> <span class='ocrx_word' id='word_1_63' title='bbox 705 1473 764 1533; x_wconf 82' lang='grc' dir='ltr'>τ’</span> <span class='ocrx_word' id='word_1_64' title='bbox 812 1473 1092 1555; x_wconf 75' lang='grc' dir='ltr'>ἐξάγιστα</span> <span class='ocrx_word' id='word_1_65' title='bbox 1143 1477 1469 1559; x_wconf 79' lang='grc' dir='ltr'>βαψάντων</span> <span class='ocrx_word' id='word_1_66' title='bbox 1516 1475 1654 1558; x_wconf 86' lang='grc' dir='ltr'>ξίφη</span> 
     </span>
     <span class='ocr_line' id='line_1_16' title="bbox 354 1557 1685 1642; baseline -0.002 -18"><span class='ocrx_word' id='word_1_67' title='bbox 354 1560 642 1628; x_wconf 93' lang='grc' dir='ltr'>Μάστιξιν</span> <span class='ocrx_word' id='word_1_68' title='bbox 686 1557 794 1625; x_wconf 82' lang='grc' dir='ltr'>οὓς</span> <span class='ocrx_word' id='word_1_69' title='bbox 836 1559 911 1640; x_wconf 86' lang='grc' dir='ltr'>δὴ</span> <span class='ocrx_word' id='word_1_70' title='bbox 948 1561 1252 1641; x_wconf 88' lang='grc' dir='ltr'>ποινίμοις</span> <span class='ocrx_word' id='word_1_71' title='bbox 1293 1561 1685 1642; x_wconf 83' lang='grc' dir='ltr'>οἰστρηλατεῖ</span> 
     </span>
     <span class='ocr_line' id='line_1_17' title="bbox 340 1642 1661 1727; baseline -0.002 -18"><span class='ocrx_word' id='word_1_72' title='bbox 340 1642 674 1727; x_wconf 53' lang='grc' dir='ltr'>(Ραίστειρ’</span> <span class='ocrx_word' id='word_1_73' title='bbox 728 1642 960 1725; x_wconf 79' lang='grc' dir='ltr'>ἐριννὺς</span> <span class='ocrx_word' id='word_1_74' title='bbox 1003 1646 1104 1705; x_wconf 88' lang='grc' dir='ltr'>καὶ</span> <span class='ocrx_word' id='word_1_75' title='bbox 1150 1644 1457 1726; x_wconf 74' lang='grc' dir='ltr'>θεήλατος</span> <span class='ocrx_word' id='word_1_76' title='bbox 1504 1645 1661 1727; x_wconf 78' lang='grc' dir='ltr'>δίκη,</span> 
     </span>
     <span class='ocr_line' id='line_1_18' title="bbox 335 1725 1673 1812; baseline -0.001 -22"><span class='ocrx_word' id='word_1_77' title='bbox 335 1728 457 1798; x_wconf 58' lang='grc' dir='ltr'>ιὨς</span> <span class='ocrx_word' id='word_1_78' title='bbox 495 1726 601 1790; x_wconf 81' lang='grc' dir='ltr'>οὐν</span> <span class='ocrx_word' id='word_1_79' title='bbox 643 1725 750 1788; x_wconf 81' lang='grc' dir='ltr'>ἀπ’</span> <span class='ocrx_word' id='word_1_80' title='bbox 802 1726 1035 1808; x_wconf 81' lang='grc' dir='ltr'>ἐναγῶν</span> <span class='ocrx_word' id='word_1_81' title='bbox 1084 1728 1303 1796; x_wconf 85' lang='grc' dir='ltr'>ἄστεος</span> <span class='ocrx_word' id='word_1_82' title='bbox 1343 1727 1673 1812; x_wconf 85' lang='grc' dir='ltr'>[Ιαρισίων,</span> 
     </span>
     <span class='ocr_line' id='line_1_19' title="bbox 356 1811 1775 1896; baseline -0.002 -20"><span class='ocrx_word' id='word_1_83' title='bbox 356 1811 815 1896; x_wconf 82' lang='grc' dir='ltr'>Δυσπεμφέλου</span> <span class='ocrx_word' id='word_1_84' title='bbox 860 1812 934 1893; x_wconf 89' lang='grc' dir='ltr'>δὴ</span> <span class='ocrx_word' id='word_1_85' title='bbox 982 1816 1088 1894; x_wconf 78' lang='grc' dir='ltr'>τῆς</span> <span class='ocrx_word' id='word_1_86' title='bbox 1126 1815 1320 1875; x_wconf 81' lang='grc' dir='ltr'>πάλαι</span> <span class='ocrx_word' id='word_1_87' title='bbox 1366 1812 1552 1875; x_wconf 86' lang='grc' dir='ltr'>νόσου</span> <span class='ocrx_word' id='word_1_88' title='bbox 1604 1813 1775 1895; x_wconf 87' lang='grc' dir='ltr'>μόγις</span> 
     </span>
     <span class='ocr_line' id='line_1_20' title="bbox 352 1894 1572 1981; baseline -0.001 -21"><span class='ocrx_word' id='word_1_89' title='bbox 352 1898 682 1979; x_wconf 88' lang='grc' dir='ltr'>Χειμῶνος</span> <span class='ocrx_word' id='word_1_90' title='bbox 724 1894 1092 1960; x_wconf 82' lang='grc' dir='ltr'>ἐκνεύσαντά</span> <span class='ocrx_word' id='word_1_91' title='bbox 1136 1903 1204 1981; x_wconf 88' lang='grc' dir='ltr'>μ’</span> <span class='ocrx_word' id='word_1_92' title='bbox 1254 1896 1572 1966; x_wconf 72' lang='grc' dir='ltr'>ἐξεδέξατο</span> 
     </span>
     <span class='ocr_line' id='line_1_21' title="bbox 357 1979 1711 2067; baseline -0.002 -20"><span class='ocrx_word' id='word_1_93' title='bbox 357 1981 442 2047; x_wconf 85' lang='grc' dir='ltr'>Τὸ</span> <span class='ocrx_word' id='word_1_94' title='bbox 488 1980 860 2045; x_wconf 90' lang='grc' dir='ltr'>Βινδοκινῶν</span> <span class='ocrx_word' id='word_1_95' title='bbox 910 1979 1058 2043; x_wconf 83' lang='grc' dir='ltr'>ἄστυ</span> <span class='ocrx_word' id='word_1_96' title='bbox 1106 1984 1208 2044; x_wconf 90' lang='grc' dir='ltr'>καὶ</span> <span class='ocrx_word' id='word_1_97' title='bbox 1244 1983 1452 2067; x_wconf 80' lang='grc' dir='ltr'>φίλαις</span> <span class='ocrx_word' id='word_1_98' title='bbox 1493 1983 1711 2067; x_wconf 82' lang='grc' dir='ltr'>δοχαῖς</span> 
     </span>
     <span class='ocr_line' id='line_1_22' title="bbox 346 2065 1670 2153; baseline -0.004 -21"><span class='ocrx_word' id='word_1_99' title='bbox 346 2065 755 2137; x_wconf 80' lang='grc' dir='ltr'>Ἐπεξένωσε.</span> <span class='ocrx_word' id='word_1_100' title='bbox 798 2065 856 2128; x_wconf 90' lang='grc' dir='ltr'>τί</span> <span class='ocrx_word' id='word_1_101' title='bbox 893 2067 1058 2147; x_wconf 89' lang='grc' dir='ltr'>μάλα</span> <span class='ocrx_word' id='word_1_102' title='bbox 1095 2067 1420 2150; x_wconf 80' lang='grc' dir='ltr'>ποιήσαιμ’</span> <span class='ocrx_word' id='word_1_103' title='bbox 1473 2065 1670 2153; x_wconf 72' lang='grc' dir='ltr'>ἔχωνς</span> 
     </span>
     <span class='ocr_line' id='line_1_23' title="bbox 356 2148 1913 2236; baseline -0.001 -20"><span class='ocrx_word' id='word_1_104' title='bbox 356 2151 435 2216; x_wconf 93' lang='grc' dir='ltr'>Τί</span> <span class='ocrx_word' id='word_1_105' title='bbox 470 2156 744 2236; x_wconf 85' lang='grc' dir='ltr'>πρῶτον;</span> <span class='ocrx_word' id='word_1_106' title='bbox 789 2148 831 2232; x_wconf 82' lang='grc' dir='ltr'><strong>ἥ</strong></span> <span class='ocrx_word' id='word_1_107' title='bbox 876 2173 932 2212; x_wconf 90' lang='grc' dir='ltr'>τι</span> <span class='ocrx_word' id='word_1_108' title='bbox 967 2152 1272 2229; x_wconf 76' lang='grc' dir='ltr'>λοίσθιον,</span> <span class='ocrx_word' id='word_1_109' title='bbox 1316 2153 1474 2234; x_wconf 80' lang='grc' dir='ltr'>πλὴν</span> <span class='ocrx_word' id='word_1_110' title='bbox 1525 2154 1579 2214; x_wconf 87' lang='grc' dir='ltr'>εἰ</span> <span class='ocrx_word' id='word_1_111' title='bbox 1617 2152 1692 2214; x_wconf 80' lang='grc' dir='ltr'>τὰ</span> <span class='ocrx_word' id='word_1_112' title='bbox 1740 2157 1849 2215; x_wconf 80' lang='grc' dir='ltr'>σοδ</span> <span class='ocrx_word' id='word_1_113' title='bbox 1910 2195 1913 2198; x_wconf 96' lang='grc'>-</span> 
     </span>
     <span class='ocr_line' id='line_1_24' title="bbox 358 2234 1897 2320; baseline -0.001 -20"><span class='ocrx_word' id='word_1_114' title='bbox 358 2238 637 2300; x_wconf 89' lang='grc' dir='ltr'>Φίλτατα</span> <span class='ocrx_word' id='word_1_115' title='bbox 675 2241 741 2320; x_wconf 81' lang='grc' dir='ltr'>γ’</span> <span class='ocrx_word' id='word_1_116' title='bbox 788 2234 1304 2320; x_wconf 79' lang='grc' dir='ltr'>ἐπισκέψαιμ’“ἂν</span> <span class='ocrx_word' id='word_1_117' title='bbox 1353 2237 1420 2305; x_wconf 87' lang='grc' dir='ltr'>ὃς</span> <span class='ocrx_word' id='word_1_118' title='bbox 1460 2238 1702 2299; x_wconf 88' lang='grc' dir='ltr'>πάντων</span> <span class='ocrx_word' id='word_1_119' title='bbox 1758 2237 1897 2320; x_wconf 82' lang='grc' dir='ltr'>ἐμοὶ</span> 
     </span>
     <span class='ocr_line' id='line_1_25' title="bbox 343 2319 1757 2407; baseline -0.001 -22"><span class='ocrx_word' id='word_1_120' title='bbox 343 2319 546 2407; x_wconf 91' lang='grc' dir='ltr'>Ἔφυς</span> <span class='ocrx_word' id='word_1_121' title='bbox 578 2323 644 2384; x_wconf 86' lang='grc' dir='ltr'>τὸ</span> <span class='ocrx_word' id='word_1_122' title='bbox 682 2325 925 2404; x_wconf 90' lang='grc' dir='ltr'>πρῶτον</span> <span class='ocrx_word' id='word_1_123' title='bbox 963 2322 1066 2384; x_wconf 81' lang='grc' dir='ltr'>καὶ</span> <span class='ocrx_word' id='word_1_124' title='bbox 1109 2324 1176 2385; x_wconf 86' lang='grc' dir='ltr'>τὸ</span> <span class='ocrx_word' id='word_1_125' title='bbox 1218 2322 1492 2383; x_wconf 77' lang='grc' dir='ltr'>λοίσθιον</span> <span class='ocrx_word' id='word_1_126' title='bbox 1533 2325 1757 2405; x_wconf 89' lang='grc' dir='ltr'>χρεῶν.</span> 
     </span>
     <span class='ocr_line' id='line_1_26' title="bbox 355 2404 1669 2491; baseline -0.002 -21"><span class='ocrx_word' id='word_1_127' title='bbox 355 2405 611 2491; x_wconf 86' lang='grc' dir='ltr'>Πρῶτον</span> <span class='ocrx_word' id='word_1_128' title='bbox 658 2409 760 2470; x_wconf 84' lang='grc' dir='ltr'>τὸν</span> <span class='ocrx_word' id='word_1_129' title='bbox 806 2404 972 2467; x_wconf 83' lang='grc' dir='ltr'>οἶκον</span> <span class='ocrx_word' id='word_1_130' title='bbox 1022 2406 1152 2468; x_wconf 80' lang='grc' dir='ltr'>εἶτα</span> <span class='ocrx_word' id='word_1_131' title='bbox 1195 2408 1302 2488; x_wconf 85' lang='grc' dir='ltr'>τὴν</span> <span class='ocrx_word' id='word_1_132' title='bbox 1353 2407 1669 2489; x_wconf 87' lang='grc' dir='ltr'>οἰκουρίδα</span> 
     </span>
     <span class='ocr_line' id='line_1_27' title="bbox 356 2489 1843 2575; baseline -0.001 -21"><span class='ocrx_word' id='word_1_133' title='bbox 356 2489 450 2554; x_wconf 93' lang='grc' dir='ltr'>Τά</span> <span class='ocrx_word' id='word_1_134' title='bbox 487 2514 553 2553; x_wconf 88' lang='grc' dir='ltr'>τε</span> <span class='ocrx_word' id='word_1_135' title='bbox 597 2490 779 2555; x_wconf 86' lang='grc' dir='ltr'>τέκνα</span> <span class='ocrx_word' id='word_1_136' title='bbox 819 2494 926 2552; x_wconf 76' lang='grc' dir='ltr'>τοῦ</span> <span class='ocrx_word' id='word_1_137' title='bbox 974 2489 1283 2575; x_wconf 76' lang='grc' dir='ltr'>φύσαντος</span> <span class='ocrx_word' id='word_1_138' title='bbox 1335 2491 1644 2575; x_wconf 85' lang='grc' dir='ltr'>ὀφθαλμὼ</span> <span class='ocrx_word' id='word_1_139' title='bbox 1695 2491 1843 2553; x_wconf 91' lang='grc' dir='ltr'>δύω.</span> 
     </span>
     <span class='ocr_line' id='line_1_28' title="bbox 335 2572 1714 2659; baseline -0.001 -20"><span class='ocrx_word' id='word_1_140' title='bbox 335 2573 425 2640; x_wconf 66' lang='lat' dir='ltr'>“A</span> <span class='ocrx_word' id='word_1_141' title='bbox 468 2577 566 2659; x_wconf 79' lang='grc' dir='ltr'>δὴ,</span> <span class='ocrx_word' id='word_1_142' title='bbox 612 2578 714 2639; x_wconf 86' lang='grc' dir='ltr'>τὸν</span> <span class='ocrx_word' id='word_1_143' title='bbox 762 2572 951 2648; x_wconf 80' lang='grc' dir='ltr'>οἶκον,</span> <span class='ocrx_word' id='word_1_144' title='bbox 999 2574 1198 2650; x_wconf 85' lang='grc' dir='ltr'>τέκνα,</span> <span class='ocrx_word' id='word_1_145' title='bbox 1248 2576 1354 2657; x_wconf 73' lang='grc' dir='ltr'>τὴν</span> <span class='ocrx_word' id='word_1_146' title='bbox 1397 2575 1714 2659; x_wconf 86' lang='grc' dir='ltr'>οἰκουρίδα</span> 
     </span>
     <span class='ocr_line' id='line_1_29' title="bbox 349 2658 1609 2727; baseline -0.003 -3"><span class='ocrx_word' id='word_1_147' title='bbox 349 2661 572 2725; x_wconf 86' lang='grc' dir='ltr'>Ἀθῶα</span> <span class='ocrx_word' id='word_1_148' title='bbox 614 2662 811 2723; x_wconf 90' lang='grc' dir='ltr'>πάντα</span> <span class='ocrx_word' id='word_1_149' title='bbox 861 2663 996 2722; x_wconf 88' lang='grc' dir='ltr'>σῶα</span> <span class='ocrx_word' id='word_1_150' title='bbox 1047 2659 1096 2721; x_wconf 84' lang='grc' dir='ltr'>τ’</span> <span class='ocrx_word' id='word_1_151' title='bbox 1146 2659 1399 2722; x_wconf 77' lang='grc' dir='ltr'>εὐθύνοι</span> <span class='ocrx_word' id='word_1_152' title='bbox 1444 2658 1609 2727; x_wconf 83' lang='grc' dir='ltr'>θεός.</span> 
     </span>
     <span class='ocr_line' id='line_1_30' title="bbox 355 2743 1674 2829; baseline 0 -22"><span class='ocrx_word' id='word_1_153' title='bbox 355 2744 441 2807; x_wconf 79' lang='grc' dir='ltr'>Σὺ</span> <span class='ocrx_word' id='word_1_154' title='bbox 488 2745 569 2824; x_wconf 79' lang='grc' dir='ltr'>δ’,</span> <span class='ocrx_word' id='word_1_155' title='bbox 617 2748 667 2807; x_wconf 81' lang='grc' dir='ltr'>ὦ</span> <span class='ocrx_word' id='word_1_156' title='bbox 719 2746 981 2829; x_wconf 88' lang='grc' dir='ltr'>φίλοισιν</span> <span class='ocrx_word' id='word_1_157' title='bbox 1030 2743 1471 2825; x_wconf 83' lang='grc' dir='ltr'>εὐμενέστατον</span> <span class='ocrx_word' id='word_1_158' title='bbox 1515 2745 1674 2827; x_wconf 88' lang='grc' dir='ltr'>κάρα</span> 
     </span>
     <span class='ocr_line' id='line_1_31' title="bbox 347 2826 1565 2897; baseline -0.002 -4"><span class='ocrx_word' id='word_1_159' title='bbox 347 2828 595 2893; x_wconf 84' lang='grc' dir='ltr'>Ἀθῶον</span> <span class='ocrx_word' id='word_1_160' title='bbox 647 2830 898 2892; x_wconf 80' lang='grc' dir='ltr'>εὐθύνοι</span> <span class='ocrx_word' id='word_1_161' title='bbox 945 2851 1013 2888; x_wconf 88' lang='grc' dir='ltr'>σε</span> <span class='ocrx_word' id='word_1_162' title='bbox 1053 2828 1155 2889; x_wconf 89' lang='grc' dir='ltr'>καὶ</span> <span class='ocrx_word' id='word_1_163' title='bbox 1198 2832 1361 2889; x_wconf 91' lang='grc' dir='ltr'>σῶον</span> <span class='ocrx_word' id='word_1_164' title='bbox 1400 2826 1565 2897; x_wconf 83' lang='grc' dir='ltr'>θεός.</span> 
     </span>
     <span class='ocr_line' id='line_1_32' title="bbox 1013 2915 1548 2987; baseline -0.002 -13"><span class='ocrx_word' id='word_1_165' title='bbox 1013 2916 1173 2987; x_wconf 83' lang='lat' dir='ltr'><strong><em>Vale,</em></strong></span> <span class='ocrx_word' id='word_1_166' title='bbox 1226 2915 1548 2975; x_wconf 78' lang='lat' dir='ltr'><strong><em>Vindocim‘.</em></strong></span> 
     </span>
     <span class='ocr_line' id='line_1_33' title="bbox 443 2996 1948 3080; baseline -0.003 -18"><span class='ocrx_word' id='word_1_167' title='bbox 443 2997 716 3067; x_wconf 86' lang='grc' dir='ltr'>Τούτους</span> <span class='ocrx_word' id='word_1_168' title='bbox 754 2996 1057 3079; x_wconf 81' lang='grc' dir='ltr'>νοσηλούς</span> <span class='ocrx_word' id='word_1_169' title='bbox 1093 3001 1195 3058; x_wconf 84' lang='grc' dir='ltr'>καὶ</span> <span class='ocrx_word' id='word_1_170' title='bbox 1239 2997 1656 3080; x_wconf 86' lang='grc' dir='ltr'>πυρέσσοντας</span> <span class='ocrx_word' id='word_1_171' title='bbox 1705 2996 1948 3080; x_wconf 88' lang='grc' dir='ltr'>στίχους</span> 
     </span>
     <span class='ocr_line' id='line_1_34' title="bbox 439 3081 1859 3169; baseline -0.004 -22"><span class='ocrx_word' id='word_1_172' title='bbox 439 3082 712 3169; x_wconf 86' lang='grc' dir='ltr'>Πυρετὸν</span> <span class='ocrx_word' id='word_1_173' title='bbox 751 3107 831 3146; x_wconf 92' lang='grc' dir='ltr'>πυ</span> <span class='ocrx_word' id='word_1_174' title='bbox 878 3081 1075 3144; x_wconf 88' lang='grc' dir='ltr'>έσσων</span> <span class='ocrx_word' id='word_1_175' title='bbox 1122 3083 1336 3150; x_wconf 86' lang='grc' dir='ltr'>νυκτὸς</span> <span class='ocrx_word' id='word_1_176' title='bbox 1377 3082 1590 3151; x_wconf 87' lang='grc' dir='ltr'>ἐξεπον</span> <span class='ocrx_word' id='word_1_177' title='bbox 1639 3082 1859 3163; x_wconf 88' lang='grc' dir='ltr'>σάμην.</span> 
     </span>
     <span class='ocr_line' id='line_1_35' title="bbox 751 3162 1784 3244; baseline -0.005 -12"><span class='ocrx_word' id='word_1_178' title='bbox 751 3166 814 3233; x_wconf 92' lang='grc' dir='ltr'>Χ</span> <span class='ocrx_word' id='word_1_179' title='bbox 868 3162 1251 3230; x_wconf 89' lang='grc' dir='ltr'>ΙΣΤΙΑΝΟΣ</span> <span class='ocrx_word' id='word_1_180' title='bbox 1293 3164 1567 3229; x_wconf 88' lang='grc' dir='ltr'>ΣΚΑΛΑ</span> <span class='ocrx_word' id='word_1_181' title='bbox 1629 3163 1784 3244; x_wconf 79' lang='grc' dir='ltr'>Ω[Ι].</span> 
     </span>
     <span class='ocr_line' id='line_1_36' title="bbox 358 3251 1551 3335; baseline -0.007 -17"><span class='ocrx_word' id='word_1_182' title='bbox 358 3252 444 3318; x_wconf 84' lang='grc' dir='ltr'>Τὸ</span> <span class='ocrx_word' id='word_1_183' title='bbox 493 3252 863 3318; x_wconf 85' lang='grc' dir='ltr'>Βινδοκινῶν</span> <span class='ocrx_word' id='word_1_184' title='bbox 912 3252 963 3315; x_wconf 79' lang='grc' dir='ltr'><strong>ὦ</strong></span> <span class='ocrx_word' id='word_1_185' title='bbox 1012 3252 1192 3335; x_wconf 82' lang='grc' dir='ltr'>φίλος</span> <span class='ocrx_word' id='word_1_186' title='bbox 1233 3251 1551 3335; x_wconf 84' lang='grc' dir='ltr'>πολίχνιον</span> 
     </span>
     <span class='ocr_line' id='line_1_37' title="bbox 357 3334 1747 3424; baseline -0.006 -21"><span class='ocrx_word' id='word_1_187' title='bbox 357 3338 544 3423; x_wconf 87' lang='grc' dir='ltr'>Ζηλῶ</span> <span class='ocrx_word' id='word_1_188' title='bbox 588 3344 897 3424; x_wconf 86' lang='grc' dir='ltr'>προτιμῶν</span> <span class='ocrx_word' id='word_1_189' title='bbox 941 3337 1044 3398; x_wconf 91' lang='grc' dir='ltr'>καὶ</span> <span class='ocrx_word' id='word_1_190' title='bbox 1091 3338 1388 3418; x_wconf 86' lang='grc' dir='ltr'>μεγίστων</span> <span class='ocrx_word' id='word_1_191' title='bbox 1432 3334 1747 3414; x_wconf 82' lang='grc' dir='ltr'>ἅστεων[,]</span> 
     </span>
     <span class='ocr_line' id='line_1_38' title="bbox 359 3420 1646 3506; baseline -0.005 -18"><span class='ocrx_word' id='word_1_192' title='bbox 359 3420 493 3489; x_wconf 88' lang='grc' dir='ltr'>Οὐκ</span> <span class='ocrx_word' id='word_1_193' title='bbox 538 3425 850 3506; x_wconf 86' lang='grc' dir='ltr'>εὐάγιστον</span> <span class='ocrx_word' id='word_1_194' title='bbox 898 3422 1124 3485; x_wconf 80' lang='grc' dir='ltr'>οὕνεκα</span> <span class='ocrx_word' id='word_1_195' title='bbox 1166 3427 1411 3485; x_wconf 80' lang='grc' dir='ltr'>στεῦται</span> <span class='ocrx_word' id='word_1_196' title='bbox 1453 3421 1646 3503; x_wconf 87' lang='grc' dir='ltr'>δάκρυ</span> 
     </span>
     <span class='ocr_line' id='line_1_39' title="bbox 356 3505 1738 3594; baseline -0.004 -22"><span class='ocrx_word' id='word_1_197' title='bbox 356 3510 587 3594; x_wconf 88' lang='grc' dir='ltr'>Λαχεῖν</span> <span class='ocrx_word' id='word_1_198' title='bbox 634 3508 915 3592; x_wconf 87' lang='grc' dir='ltr'>μεγίστου</span> <span class='ocrx_word' id='word_1_199' title='bbox 959 3510 1067 3567; x_wconf 81' lang='grc' dir='ltr'>τοῦ</span> <span class='ocrx_word' id='word_1_200' title='bbox 1120 3507 1355 3591; x_wconf 84' lang='grc' dir='ltr'>βροτῶν</span> <span class='ocrx_word' id='word_1_201' title='bbox 1403 3505 1738 3590; x_wconf 86' lang='grc' dir='ltr'>φερεσβίου</span> 
     </span>
    </p>
   </div>
   <div class='ocr_carea' id='block_1_4' title="bbox 1238 543 2173 628">
    <p class='ocr_par' dir='ltr' id='par_1_4' title="bbox 1238 543 2173 628">
     <span class='ocr_line' id='line_1_40' title="bbox 1238 543 2173 628; baseline -0.011 -18"><span class='ocrx_word' id='word_1_202' title='bbox 1238 544 1675 628; x_wconf 81' lang='grc' dir='ltr'>ςωπλισμένης.</span> <span class='ocrx_word' id='word_1_203' title='bbox 1723 543 2173 617; x_wconf 69' lang='grc' dir='ltr'>[χαλκοκτύπουῖ]</span> 
     </span>
    </p>
   </div>
  </div>
 </body>
</html>
