2452 4186
1062 293 1179 354 169

205 459 369 547 ἴχνια
417 458 473 521 δ’
516 459 592 522 οὐ
636 457 996 568 σφάλλοντζ.
1037 459 1366 565 ἀμέριμνοι
1409 458 1479 540 γ’
1525 460 1639 522 εἰσὶ
1681 459 1972 544 βραβείου

288 546 349 606 οἱ
391 545 626 612 παῖδες.
672 543 849 607 τοῦδ’
896 542 974 607 αὖ
1021 543 1226 627 θηρσὶ
1252 544 1493 628 μέμηλε
1539 543 1699 625 πέρι.

202 716 302 788 15,
329 716 423 774 17.
472 711 861 793 Γουνοπετὴς
880 710 1363 817 ἐλέφαςὸτεσοὶ,
1379 710 2032 816 Καῖσαρ,προσεκόνει

200 821 351 944 ...a-{²0
358 795 939 949 ‚12‘333:.3?⁰.‘22‘2.³
946 818 1093 943 3²2?
1106 797 1258 943 2152.
1266 794 1804 948 5223.{⁹2‚‘}‘³{{’02.2

283 965 414 1029 ἴσθι
451 965 606 1049 σάφ’
657 968 743 1033 ὧς
788 963 1013 1049 σέβαος
1056 988 1164 1028 σου
1213 989 1309 1049 μιν
1357 965 1594 1048 ἐπῆλθε
1641 964 1801 1033 δέος.

202 1137 300 1209 15,
303 1135 406 1196 30.
424 1130 917 1215 πρὸξκερόεσσα,
929 1132 1073 1195 κόνε
1077 1131 1522 1201 ςπόδαςώκέες
1538 1132 2030 1214 ὥςμινέλαυνον,

279 1216 391 1301 ἠδ’
439 1216 667 1284 αὐτοὺς
711 1219 984 1285 σκολιαῖς
1031 1218 1140 1299 δὴν
1191 1216 1487 1321 ἐλέφαιρε
1532 1218 1785 1302 τριβαῖς,

195 1300 508 1408 ἡγεμόνος
543 1303 663 1383 πρὸ
706 1301 922 1363 ποδοῖν
962 1299 1371 1384 γουνουμένη,
1429 1303 1532 1364 οἷα
1575 1306 1905 1385 προσῖκτις,

283 1385 459 1469 ἔστη.
498 1389 608 1467 τῆς
651 1384 711 1447 δ
760 1385 951 1468 ἄγρης
997 1387 1055 1448 οἱ
1095 1386 1274 1453 κύνες
1317 1385 1431 1449 οὐκ
1467 1385 1694 1467 ἔθιγον.

277 1555 460 1637 τήνδ
494 1527 727 1660 ἤνεγκε
769 1556 947 1660 χάριν
985 1555 1309 1663 Καίσαρος
1351 1554 1712 1638 αἰσθομένη.

191 1643 445 1723 Καῖσαρ
489 1636 626 1722 ἔχει
656 1662 711 1701 τι
745 1640 1052 1744 σεβασμα,
1075 1641 1198 1724 σοίφ
1249 1638 1437 1702 ίσατε.
1492 1642 1557 1702 τὸ
1595 1641 1817 1723 κράτος
1839 1639 2027 1702 αὐτοῦ

278 1724 471 1809 ἱερόν.
521 1725 582 1785 οἱ
625 1724 816 1807 θῆρες
861 1724 1126 1809 ψεύδεος
1172 1723 1293 1786 εἷσ’
1343 1725 1576 1793 ἀδαεῖς.

195 1896 291 1970 15,
309 1896 375 1955 9.
400 1890 526 1999 ἧρ
558 1890 1045 1973 ἀνεπαγγέλτους
1073 1891 1309 1960 ἄθλους
1340 1893 1455 1969 σοὶ,
1477 1895 1749 1977 Καῖσαρ,
1774 1892 2028 1974 ἀγώνων

281 1976 625 2062 ῥινόκερως
671 1976 752 2038 δι’
794 1976 944 2038 ὅλου
994 1977 1156 2045 δεῖξε
1198 1978 1582 2059 κυνηγεσίου.

193 2066 282 2131 ὡς
291 2063 589 2169 φρικτὸν
637 2060 901 2142 θόμαινε
936 2060 1354 2168 πυρούμενοςῐ
1399 2061 1495 2146 οἵη
1543 2060 1647 2146 ἔην
1689 2061 1796 2145 ῥὶς,

274 2144 323 2232 ᾗ
378 2148 479 2209 καὶ
530 2151 756 2229 ταῦρος
801 2146 965 2230 ἕλωρ
1015 2145 1236 2209 ἔπλετο
1281 2147 1691 2232 χορτοπαγέςῑ

199 2319 296 2392 15,
317 2318 419 2377 19.
446 2315 514 2383 ὃς
526 2315 661 2398 πριν
680 2313 1077 2423 ἐπειγόμενος
1089 2320 1218 2384 ταῖς
1242 2316 1520 2419 λαμπάσι
1543 2315 1791 2377 δείκελα
1811 2318 2033 2397 ταῦρος

129 2466 134 2470 ,
277 2403 647 2504 χορτοπαγῆ
694 2399 772 2460 δί’
815 2399 967 2462 ὅλου
1012 2400 1153 2484 ῥῖψε
1200 2398 1588 2482 κυνηγεσίου,

200 2486 417 2553 ὕπτιος
454 2483 772 2547 ἐκτέταται
813 2491 1012 2568 κεραῇ
1056 2488 1315 2590 γλωχῖνι
1363 2483 1642 2567 δαϊχθεὶς

280 2568 617 2653 εὐμαρέως
655 2567 844 2652 αἴρειν
890 2570 1007 2631 ὧδ
1051 2568 1361 2652 ἐλέφαντα
1406 2569 1627 2630 δοκῶν.

199 2741 295 2813 15,
311 2741 420 2800 22.
452 2741 538 2805 ως
573 2739 676 2801 τὸν
719 2736 1075 2841 ῥινοκέρωτ
1105 2739 1360 2824 ἀχανεῖς
1401 2734 1679 2819 ἐρέθιζον
1725 2735 2011 2821 ἀμορβοί,

283 2822 553 2931 νωθρῶς
599 2823 686 2891 εἰς
733 2822 918 2905 ὀργὴν
963 2824 1156 2907 θηρὸς
1201 2821 1586 2906 ὀρινομένου,

189 2908 343 2971 πᾶσ’
390 2906 462 2990 ἧν
506 2907 949 3016 προσδοκίμων
987 2908 1334 3018 ἀνεμώλιος
1379 2907 1550 2974 ἐλπὶς
1585 2906 1863 2988 ἀγώνων.

279 2992 451 3054 ἀλλὰ
496 2992 563 3054 τὸ
604 2990 829 3095 πρόσθ’
880 2990 1159 3095 οἴστρημ’
1198 2991 1359 3076 ἦλθε
1400 2991 1835 3074 παλινδρομίῃ.

194 3099 368 3140 ουτω
415 3075 531 3160 γὰρ
583 3073 806 3159 διπλόη
853 3077 999 3161 βουν
1048 3076 1255 3160 ἄγριον
1301 3076 1438 3158 αἶρε
1476 3076 1719 3160 κεραίῃ,

283 3165 376 3230 ὡς
418 3182 644 3243 ταυρος
688 3163 874 3244 λικμᾷ
924 3160 1170 3223 δείκελα
1212 3165 1594 3244 χορτοπαγῆ.

196 3335 297 3410 15,
325 3335 426 3393 11.
480 3353 557 3413 με
540 3329 694 3414 ’σφα
720 3332 1092 3394 κυλινδεῖται
1118 3328 1327 3434 τρόχις
1355 3330 1574 3412 ἄρκτος
1603 3329 1690 3391 ἐνὶ
1719 3329 2035 3408 σταδίοισι,

275 3415 674 3523 ῥεμβόμενον
720 3420 972 3523 ταχινῆς
1018 3415 1139 3483 ἰΕὸς
1184 3413 1415 3499 ἐπέσχε
1467 3418 1680 3498 φυγῆς.

189 3501 431 3565 κεισθω
480 3500 753 3584 ἀεργηλὴ
798 3505 900 3562 νῦν
947 3501 1300 3584 αἰχμήεσσα
1349 3499 1586 3581 σιγόνῃ,
