2452 4186
1064 312 1191 380 239

99 507 109 516 ·
217 475 343 542 Καὶ
379 481 499 540 τῶν
542 479 749 542 καλῶν
795 478 1050 561 ἐθισμὸς
1091 480 1165 542 οὐ
1210 481 1402 547 καλὸς
1439 469 1635 542 πέλει.
1750 521 1753 526 ·

214 559 500 627 Ἔσθλῶν
546 563 825 647 ἀφειδεῖς
871 564 986 627 οὐκ
1026 563 1372 649 ἀφειδήσας
1407 568 1633 626 κακῶν.

209 645 567 731 Ὑπόκρισίς
603 670 674 730 γε
716 645 780 709 τ’
826 648 1068 730 ἀγαθοῦ
1108 650 1294 713 κακία
1339 649 1541 712 διπλῖ.

218 731 307 797 Τὸ
355 732 617 815 σκληρὸν
660 731 819 816 ἦθος
860 738 1075 818 σχῆμα
1112 739 1221 817 τῆς
1265 735 1433 816 δίκης
1479 672 1633 816 ἔχει.

218 817 436 881 Φίλων
484 817 640 879 ὑπου
682 819 788 899 γὸς
832 818 1157 904 δυστυχὴς,
1200 821 1486 903 χρηστῶν
1534 816 1745 901 ψόγος.

220 899 304 965 T'
341 900 585 983 ’ἀγαθὸν
666 901 937 986 κρόφθτ,
981 904 1048 966 τὸ
1100 904 1169 967 δὲ
1209 903 1396 966 κακὸν
1445 902 1549 965 καὶ
1598 902 1935 987 σβέννυται.
1976 941 1987 956 -

217 983 531 1070 Χρηστὸν,
573 984 648 1050 τὰ
692 941 927 1070 φευκτό
973 992 1093 1050 τῶν
1139 988 1335 1056 πέλας
1373 987 1590 1050 ἐνιδεῖν
1632 991 1862 1057 κακοῖς.

218 1067 494 1156 Χρηστῷ
528 1068 682 1154 πάρ’
734 1070 909 1155 ἀνδρὶ
952 1071 1109 1157 ταχὺ
1155 1073 1515 1156 μαραίνεται
1556 1071 1753 1141 κότος.

220 1154 509 1240 Χρηστὸς
549 1155 916 1301 τραχυνθεὶς
959 1157 1387 1241 ὀργιλωτέρως
1427 1153 1581 1240 ἔχει.

221 1240 576 1306 Σπουὸαῖος
618 1262 650 1301 ο
737 1245 864 1309 τοῖς
903 1240 1348 1324 πλημμιελοῦσ>
1397 1242 1705 1325 ὑπηρετεῖ.

224 1325 396 1406 Αὕτη
440 1323 672 1408 βραχὺς
725 1329 870 1394 νοῦς
915 1330 1089 1409 μῆνις
1127 1327 1186 1408 ἡ
1215 1327 1470 1410 μνήμων
1511 1324 1708 1388 πέλει.

208 1404 327 1477 “Oc
367 1408 435 1490 γ’
478 1406 832 1494 εὐλαβεῖται
876 1408 1107 1493 μᾶλλόν
1153 1409 1277 1472 ἐστ’
1329 1411 1606 1494 ἀζήμιος.

221 1492 507 1577 Σώφρων
552 1496 855 1578 κρατήσαι
897 1494 951 1557 τ’
1000 1495 1223 1578 ἀνδρὸς
1265 1493 1559 1577 εὐπειθὴς
1599 1496 1772 1579 γυνή.

222 1574 626 1660 Ταύτόματον
670 1581 836 1663 αἱρεῖ
871 1577 943 1664 χῘ
987 1578 1173 1662 ὅνπερ
1218 1578 1489 1663 ὑπερέβη
1534 1579 1731 1663 θαμοῖ.

222 1659 351 1745 Τὴν
396 1665 504 1724 τοῦ
553 1663 941 1747 φυλάσσεσθ’
989 1662 1103 1726 οὐκ
1148 1662 1316 1726 ἐατέ’
1368 1663 1498 1726 ἐστ’
1544 1664 1765 1748 ἀκμήν.

216 1743 739 1830 Καταφρονηθεὶς
768 1750 1045 1816 κίνδυνος
1089 1745 1309 1810 θᾶττον
1357 1747 1561 1831 μόλοι.
1646 1801 1651 1806 .

221 1828 514 1894 Δόσκλει’
558 1830 628 1894 ἂν
678 1832 773 1918 εἴη
825 1834 1044 1897 θᾶττον
1092 1834 1381 1917 ὑβριστοῦ
1424 1832 1626 1902 κλέος.

206 1914 328 1984 “Ως
368 1916 454 1984 εἰς
498 1920 683 1982 κακὸν
723 1920 1038 1982 πίπτουσιν
1085 1919 1149 1979 αἱ
1189 1923 1396 1981 κακῶν
1433 1918 1633 2002 τόχαι.

215 2000 565 2082 Ἀπολογία
606 2002 718 2065 ’στὶ
763 2006 935 2086 λῆσις
980 2002 1265 2086 ἐμφόλου
1308 2002 1512 2087 δορός.

212 2081 385 2149 Ἔστ’
436 2084 566 2150 ἄντ’
616 2088 821 2174 ἐώρας
865 2088 1185 2171 συμπόρου
1229 2086 1423 2173 λέσχη
1475 2088 1681 2173 φίλου.

223 2169 453 2255 Ψυχῆς
494 2172 526 2234 ὁ
574 2174 799 2258 δεσμὸς
849 2170 1152 2255 συγγένει’
1200 2171 1331 2236 ἔστ’
1374 2173 1647 2259 ἀκριβής.

224 2251 308 2318 Τί
351 2255 427 2339 δὴ
476 2256 656 2342 ἐρεῖς,
704 2258 1037 2340 σκόπησον,
1081 2256 1154 2319 οὐ
1200 2257 1261 2319 τί
1303 2258 1378 2341 δὴ
1425 2263 1690 2342 φρονεῖς.

225 2341 482 2406 Γένοιτο
532 2346 736 2427 βουλῇ
786 2345 1043 2425 μᾶλλον,
1088 2342 1126 2423 ἢ
1171 2341 1359 2424 θυμῷ
1400 2346 1662 2423 κρατεῖν.

223 2423 467 2490 Κακίαν
514 2428 747 2513 συνήθη
798 2427 1092 2511 φέρομεν,
1140 2425 1256 2488 οὐκ
1287 2424 1646 2509 ἐλέγχομεν.

223 2510 483 2593 Πληγὰς
527 2513 559 2576 ό
608 2515 819 2597 μωρὸς
861 2512 1103 2583 θᾶττον,
1148 2511 1186 2592 ἢ
1280 2508 1465 2592 λεόην
1514 2511 1714 2595 φέροι.

214 2592 543 2680 Ἔγκλημα
588 2597 775 2683 βιότῳ
814 2596 1215 2680 προστρίβεις,
1304 2598 1468 2656 ανεῖν
1516 2594 1751 2658 ποθῶν.

225 2677 456 2744 Νοσῶν
504 2682 766 2765 ἀπειθὴς
808 2682 978 2763 ὠμὸν
1029 2680 1233 2764 ἰατρὸν
1278 2682 1463 2741 ποιεῖ.

218 2763 1162 2937 ’θ’ἓιῑὶῑὲῑῑῑρὶιῖῑῑυχξῗζῖςῑ
1175 2847 1559 2918 2
1618 2851 1725 2933 λῇ-

401 2897 430 2912 -·
893 2895 910 2924 9
1564 2897 1580 2924 ⁹
1705 2895 1720 2911 ·

229 2876 1771 3102 {ssgssssgxtiz{22235‘5322ssssffgvgsssszzzdpoe.

214 3099 532 3173 Ἀπαντος
573 3105 798 3189 ἄλγους
845 3101 974 3166 ἔστ’
1015 3101 1165 3170 ἄκος
1203 3104 1273 3165 τὸ
1314 3107 1649 3186 καρτερεῖν.

229 3187 481 3275 Συμβὰν
530 3192 789 3275 ἑκάστῳ,
835 3189 1013 3250 παντὶ
1058 3186 1324 3272 συμβαίη
1371 3187 1539 3250 ποτέ.

232 3271 427 3338 Μισεῖ
463 3279 717 3358 πολίτης
756 3277 1004 3351 ζῶντας,
1049 3270 1156 3340 οὓς
1199 3271 1482 3354 θνήσκειν
1521 3271 1726 3334 ποθεῖ.

236 3356 367 3424 Οὐκ
413 3362 561 3425 εἰσὶν
610 3359 853 3445 ἐχθρῶν
897 3357 1200 3440 ἀσφαλεῖς
1238 3356 1638 3438 καταλλαγαί.

229 3442 548 3531 Χρήζοντ’
597 3445 637 3508 ἀ
679 3446 833 3527 ηγοῦ
878 3442 1188 3505 νουθετῶν
1235 3441 1629 3525 κατακρίνεις.

232 3531 547 3596 Δόσκλεια
589 3554 625 3593 κ
664 3529 849 3614 ρδους
892 3527 1113 3610 ζημίας
1152 3528 1364 3608 κλῆσιν
1407 3523 1610 3610 φέροι.
1727 3542 1735 3557 ·
