2452 4186
1089 329 1211 389 204

324 494 386 556 κ’
442 492 514 555 06
559 492 606 556 Γ
612 491 861 577 λυκέρη,
912 497 1144 576 μᾶλλον
1188 493 1339 563 Θαῒς
1381 491 1662 578 ἐρωμένη
1709 490 1805 576 ἦν.

756 686 793 723 ι.
883 658 1045 726 ΟΣΑ
1084 658 1554 727 ΣΠΟΡΑΔΗΝ.

242 750 302 821 5,
314 747 423 807 42.
440 746 687 829 χρήματ
703 744 1150 830 ’ἀρεῖκλέπτης
1167 747 1311 815 τοὺς
1336 745 1701 831 φωριαμοὺς
1722 743 2072 815 ἐπανοίξας.

333 830 488 935 αἶψα
533 830 878 912 κατασμύξε
885 854 903 891 ι
946 832 1101 915 φλὸξ
1143 832 1433 937 πατρικὸν
1479 829 1767 912 μέγαρον.

244 915 518 1021 χρήστης
551 915 653 977 καὶ
696 916 762 977 τὸ
818 916 1020 991 δάνος,
1062 917 1162 979 καὶ
1206 918 1307 979 τὸν
1349 915 1527 978 τόκον
1577 915 1690 977 οὐκ
1730 913 2074 975 ἀποδώσει.

333 997 574 1103 σπέρμα
623 1001 1009 1103 καταβληθὲν
1054 1002 1258 1085 βῶλος
1304 1000 1577 1084 ἄκαρπος
1613 1000 1752 1061 ὀλε
1694 1021 1765 1060 ι.

246 1081 575 1165 οἰκονόμον
619 1083 821 1146 δολίαι
865 1086 1364 1189 ἀποσυλήσουσιν
1402 1086 1666 1192 ἑταῖραι.

330 1172 499 1273 κῦμα
542 1166 882 1251 διαρραίσει
910 1168 1342 1253 φορτοφόρους
1383 1170 1662 1273 ἀκάτρυς.
1774 1193 1777 1194 ’

245 1256 389 1328 πᾶν,
434 1251 465 1314 ὃ
510 1252 712 1336 φίλοις
754 1254 1065 1337 χαρίσαιο,
1109 1254 1263 1337 τύχη
1313 1253 1724 1363 ἀναφαίρετον
1772 1250 1950 1312 ἐστίν.

337 1338 421 1399 ὧν
469 1360 544 1419 με
547 1337 769 1422 ταδῳς,
820 1339 1062 1420 μούνων
1102 1338 1311 1421 κύριος
1358 1340 1487 1401 αἰὲν
1532 1361 1667 1420 εσῃ.

259 1464 352 1582 10,
369 1508 471 1568 85.
517 1505 737 1568 Λάδων
780 1507 1087 1589 γηραλέος
1113 1503 1354 1592 Τίβεριν
1382 1506 1536 1567 κάτα
1570 1505 1644 1586 δή
1677 1526 1827 1567 ποτε
1855 1500 2082 1585 ναύτης

292 1590 480 1696 ἄγχι
526 1590 721 1674 φίλων
766 1591 1006 1653 ὑδάτων
1053 1593 1263 1675 γήδιον
1313 1590 1585 1674 ἐπρίατο.

252 1672 393 1737 εὖτε
444 1675 512 1736 δὲ
558 1674 943 1757 πλημμύρων
989 1698 1084 1759 μιν
1135 1676 1582 1780 ἐπιστείβεσκεν
1629 1671 1895 1757 ἄναυρος

339 1760 521 1842 ἀγρὸν
576 1758 915 1830 ἐπικλύζων
956 1761 1213 1863 ρεύματι
1253 1760 1571 1843 χειμερίῳ,

256 1841 420 1927 ὄχθῃ
469 1842 857 1927 ἐρειδόμενον
908 1847 1149 1948 σκάφος
1188 1844 1446 1921 ἄπλοον,
1490 1842 1662 1905 ἀντία
1703 1842 1969 1924 πλήμης,

301 1928 733 2032 πλησάμενος
774 1928 1065 2005 λιθάκων,
1108 1928 1303 2012 ἄλκαρ
1350 1928 1539 2011 ἔθηκε
1586 1926 1755 2010 ρόου.

254 2010 419 2075 οὕτω
461 2014 880 2118 σφοδροτέραν
921 2015 1097 2099 χύσιν
1144 2013 1372 2093 ἔστεγε.
1417 2014 1504 2080 τίς
1543 2034 1618 2074 κε
1656 2010 1935 2103 πίθοιτο,

340 2099 526 2180 κτήτῃ
582 2097 886 2180 άόσσησεν
933 2105 1078 2167 ναῦς
1122 2097 1577 2184 καταδυομένη.

258 2270 316 2342 5,
331 2270 432 2330 76.
477 2265 681 2334 τοξικὰ
706 2266 813 2348 μὲν
844 2269 1177 2353 προλαβὼν
1197 2265 1578 2371 Μιθριδάτης
1600 2263 1805 2327 πολλὰ
1831 2263 2088 2326 πέπωκε

342 2356 451 2413 τοῦ
500 2350 580 2432 μὴ
634 2351 1012 2427 βλάπτεσθαι
1062 2351 1480 2458 φαρμακόεντι
1519 2373 1635 2412 πο·-
1616 2355 1711 2434 ᾧ.

259 2441 347 2521 τῷ
387 2436 456 2498 δὲ
505 2457 571 2496 σε
612 2437 929 2517 λιμώττειν
974 2437 1114 2512 αἰεὶ,
1158 2435 1579 2542 προφύλαγμα
1620 2411 1762 2496 τόδ
1805 2433 2002 2518 εὗρες,

349 2522 509 2583 ὥστε
553 2520 764 2583 θανεῖν
810 2523 972 2606 λιμῷ
1020 2522 1209 2604 μηδὲν
1263 2519 1426 2604 ἔχειν
1473 2520 1542 2581 σὲ
1590 2518 1748 2587 δέος.

182 2747 192 2761 ,
267 2693 363 2766 14,
385 2695 444 2752 3.
476 2691 560 2751 εἰ
580 2692 661 2774 μὴ
705 2694 974 2773 λεπτομε
945 2673 1101 2775 ..ρῶς
1144 2690 1346 2774 κίτρος
1387 2690 1720 2796 πινακηδὸν
1732 2686 2089 2797 ἐπρίσθην,

472 2798 685 2857 τιμηεν
727 2776 996 2860 Λιβυκοῦ
1054 2776 1270 2883 βρῖθος
1316 2774 1565 2840 ὀδόντος
1609 2771 1679 2835 ἄν
1726 2771 1821 2856 ἦν.

269 2863 365 2935 14,
391 2863 449 2923 5.
482 2859 648 2943 ὄφρα
680 2861 760 2944 μὴ
808 2859 1128 2945 ἀβληχρὰς
1174 2858 1481 2965 αμβλύναι
1527 2859 1715 2940 κηρὸς
1767 2856 2047 2931 ὀπωπάς,

476 2945 665 3015 στίξαι
713 2948 1033 3052 λευκοφαη
1079 2946 1290 3049 γράμμ
1363 2941 1671 3028 ἐλέφαντα
1722 2939 1935 3047 μέλαν.

269 3034 364 3106 14,
386 3034 444 3094 6.
472 3029 654 3114 ἦμος
678 3029 1092 3137 ἐλευσομένην
1132 3029 1228 3090 σοὶ
1232 3029 1492 3131 γράψει
1535 3025 1816 3109 ἐρωμένη
1864 3022 2039 3105 αὐτή,

480 3116 725 3184 εὐτελὲς
772 3115 844 3178 06
892 3116 1054 3199 φήσε
1026 3137 1109 3181 ..ις
1150 3112 1449 3196 τρίπτυχα
1495 3113 1694 3194 δῶρον
1743 3110 1882 3191 ἐμά.

270 3202 367 3275 14,
391 3204 447 3262 7.
482 3200 748 3285 διφθέρα
799 3199 1030 3282 ἐκλήθη
1076 3198 1205 3280 μὲν,
1256 3197 1406 3280 άτάρ
1452 3218 1548 3257 σοι
1591 3196 1778 3278 κηρὸς
1825 3192 2051 3256 ἔσοιτο.

519 3287 731 3368 ράμμα
770 3285 1152 3367 νεοχμώσεις
1191 3282 1361 3364 τήνδ’
1416 3280 1939 3363 ἀπαλειψάμενος.

271 3373 367 3445 14,
390 3373 449 3434 9.
479 3371 804 3477 ημβροτες,
851 3369 907 3431 εἰ
951 3366 1264 3450 πέμπεσθ
1290 3368 1462 3474 ἡμᾶς
1504 3371 1583 3448 τῇ
1639 3362 1930 3467 ἐρωμένῃ
1968 3362 2095 3444 ἡγῇ’

478 3454 676 3539 κέρμα
724 3453 988 3538 βλέπων.
1038 3454 1193 3515 αἰτεῖ
1237 3450 1438 3535 κέρμα
1484 3453 1584 3511 καὶ
1625 3449 1740 3531 ἥδε
1789 3447 1975 3514 σανίς.

274 3543 495 3616 14,10.
526 3542 606 3624 μὴ
656 3540 998 3621 δωρήματα
1044 3537 1228 3600 τυτθά
1278 3558 1374 3597 σοι
1420 3533 1658 3617 δοκοίη,
