2452 4186
1080 331 1205 393 309

225 494 463 553 Rabere
505 504 707 554 mente
752 508 1009 574 captum,

222 581 551 640 Lusciniae
593 581 760 640 ilicet

220 665 642 725 Lamentabile

224 749 485 809 Carmen
527 751 841 810 volitantis

220 835 367 894 Non
408 836 517 893 illa
561 837 833 895 occinet:
906 876 907 881 κ

222 923 335 979 Ast
372 921 702 979 luctificum
743 921 1071 998 integrabit

218 1006 501 1065 Lessum.
544 1014 790 1082 pectora
828 1005 1051 1081 palmis

222 1093 388 1149 Atris
426 1099 612 1150 tonsa
653 1091 985 1151 sonabunt:

220 1176 629 1250 Incanamque
670 1194 889 1234 manus

221 1259 468 1320 comam
500 1261 873 1320 lacerabunt.

756 1346 815 1403 2.
859 1347 1248 1425 Antistropka
1289 1358 1525 1416 XIIII,

220 1430 572 1489 Praestaret
612 1431 940 1488 extinctum

219 1515 423 1588 Hunc,
471 1535 648 1588 quam
695 1516 1023 1589 efferar-ier,

221 1601 343 1660 Ubi
385 1608 642 1678 paterno
687 1619 792 1658 an-

222 1687 470 1746 ·tistans
517 1686 790 1744 celebres
825 1687 1095 1747 Achivos

222 1770 486 1844 Genere‚
528 1779 590 1828 et
627 1770 853 1847 inclyto
899 1780 1055 1845 ortu,

221 1855 479 1934 Cognita
519 1876 644 1915 nou
683 1862 849 1913 tenet

221 1940 302 2002 Se
328 1943 509 2000 ‘intra
549 1948 723 2015 septa
773 1940 902 1998 ani-

219 2028 350 2101 -mi,
397 2035 498 2086 ast
542 2026 746 2083 exulat
791 2036 979 2087 extra.

217 2113 445 2171 Infelix
487 2119 678 2187 pater,

217 2198 360 2257 Heu
403 2197 610 2273 qua-lia
642 2206 713 2255 et
755 2196 967 2255 audies
1010 2206 1074 2256 tu

220 2282 560 2343 Infortunia
590 2282 746 2340 nati.

220 2367 391 2442 Quae
429 2369 686 2425 antehac
721 2367 1121 2426 Aeacidarum

218 2456 410 2512 Aetas
450 2473 568 2511 non
619 2452 842 2511 tulerat

221 2539 486 2615 Quidem
528 2538 678 2609 ulla,
715 2536 838 2595 nisi
873 2538 1011 2595 ista.

881 2706 1078 2774 Actus
1129 2705 1398 2769 Tertius.
1455 2755 1456 2758 η

223 2793 318 2851 Ai.
403 2759 629 2851 Omnia
667 2791 913 2850 reflexis
957 2790 1293 2850 seculorum
1340 2792 1711 2852 anfractibus
2053 2793 2156 2846 646

227 2877 486 2936 Occulta
530 2885 769 2953 tempus
816 2876 1034 2952 aperit,
1082 2884 1142 2933 et
1185 2887 1396 2955 aperta
1438 2878 1677 2938 occulit.

223 2961 396 3020 Nihil
443 2970 540 3021 est
582 2981 771 3038 supra
815 2980 1004 3037 spem.
1047 2969 1317 3039 tempore
1356 2964 1535 3022 etiam
1587 2973 1911 3023 contumax

225 3046 638 3124 Deprenditur
681 3065 878 3118 mens,
917 3047 1134 3120 iusque
1172 3048 1490 3110 iurandum
1528 3049 1715 3109 Iovis.

223 3132 357 3210 Ego
402 3132 708 3208 pervicaci
748 3139 973 3203 mente,
1018 3132 1408 3206 inexorabili,
2031 3129 2158 3202 ‘650

227 3218 444 3293 Qualis
487 3217 734 3294 rigescit
778 3217 931 3274 dura
969 3216 1115 3275 ferri
1157 3218 1321 3278 acies
1368 3237 1545 3292 aqua,

226 3301 583 3361 Demulctus
626 3301 804 3361 huius
858 3321 963 3360 ore
1002 3321 1153 3361 sum.
1195 3303 1456 3362 inimicis
1496 3321 1639 3360 eam*

226 3387 532 3463 Linquere
572 3388 883 3447 misertum
928 3395 1023 3445 est
1063 3388 1325 3462 viduam,
1372 3396 1433 3447 et
1472 3389 1684 3450 orbum
1724 3389 1931 3450 filium.

230 3470 350 3531 Sed
396 3473 475 3530 ad
516 3472 762 3530 lavacra
808 3483 869 3532 et
908 3480 1087 3547 prata
1120 3473 1389 3533 litoralia

229 3556 337 3631 Εο,
377 3566 445 3616 ut
489 3558 772 3634 expiatus
814 3559 1046 3618 februis
1090 3558 1446 3618 lustralibus
1975 3609 1978 3612 Α
2055 3551 2159 3606 555
