2452 4186
1200 315 1237 372 7

384 481 475 540 Ni
521 483 671 540 mihi
713 501 911 542 comes
957 484 1198 543 adforet

384 568 517 625 Iste
562 568 867 645 legitimus
911 570 1054 627 boni

389 650 518 730 Cop
527 653 725 711 ulator
763 655 1015 713 amoris:

296 737 429 812 Qui
468 745 636 795 tuum
687 738 818 797 sine
856 739 1066 798 liberis

387 821 489 881 Ne
531 823 712 896 foret,
757 832 1057 896 metuens,
1101 844 1316 903 genus,

386 908 696 967 Floridam
735 910 845 967 tibi
887 910 1183 986 virginem

385 995 531 1051 Iure
577 995 855 1052 connubii
899 994 1085 1067 dedit,

388 1077 844 1156 Coniugemque
886 1079 1135 1137 dicavit:

295 1164 481 1239 Quae
525 1165 719 1221 bonae
764 1164 993 1223 sobolis
1039 1165 1237 1238 ferax,

391 1248 612 1323 Qualis
659 1256 763 1306 aut
807 1247 1161 1308 Cerealibus

391 1332 581 1408 Spica
624 1333 828 1391 adulta
868 1334 1215 1407 novalibus,

385 1422 514 1477 Aut
554 1418 982 1478 Achaemeniis
1029 1419 1235 1480 virens

389 1501 595 1562 Citrus
643 1503 833 1561 ardua
872 1505 1128 1581 campis,

294 1586 636 1666 Coniugcm
680 1591 856 1648 toties
900 1598 1131 1664 patrem

387 1674 579 1732 Fecit.
624 1674 786 1734 Huic
827 1694 956 1752 ego,
998 1693 1131 1732 cum
1172 1675 1286 1733 tibi

385 1759 578 1836 Virgo
624 1760 878 1817 traditur
916 1760 979 1817 in
1028 1778 1294 1833 manum,

387 1842 827 1921 Nuptialiaque
875 1845 1081 1902 omina

386 1929 544 1987 Iuno
590 1928 814 1988 Cinxia
854 1930 1071 2001 sancit,

292 2016 502 2074 Mater
545 2015 704 2072 haud
746 2015 955 2087 semel,
997 2014 1210 2089 inquii,

391 2099 516 2160 Sed
555 2121 854 2177 puerpera
893 2100 1137 2176 saepius

392 2183 681 2244 Caeteras
722 2187 809 2243 uti
855 2187 1126 2244 moribus

389 2271 625 2343 Vincis,
674 2272 990 2329 innumera
1035 2289 1276 2348 quqque

388 2355 597 2413 Vince
623 2357 795 2432 prole
835 2357 1107 2414 maritas.

291 2443 490 2501 Dicta
531 2443 890 2518 comprobat
934 2442 1151 2499 exitus.

252 2529 256 2534 ’
389 2525 516 2583 Vix
559 2528 721 2603 capit
767 2528 1038 2585 sobolem
1081 2526 1318 2584 domus.

390 2610 524 2667 Iam
567 2612 778 2688 nequit
817 2612 1018 2689 digitis
1069 2611 1196 2668 suis

389 2695 642 2756 Liberos
682 2716 877 2771 neque
923 2697 1178 2754 dextera

391 2779 526 2838 Nec
572 2783 820 2840 sinistra
864 2790 1103 2857 putare:

289 2868 376 2924 In
424 2867 665 2942 quibus,
712 2868 877 2925 velut
921 2865 1231 2941 integer[‚]

389 2950 614 3011 Divitis
662 2952 844 3010 decus
884 2950 1130 3022 hortuli,

395 3036 593 3111 Quem
637 3056 749 3095 nec
798 3037 1082 3096 Olenium
1127 3053 1316 3110 pecus

387 3121 676 3194 Proterit‚
721 3141 915 3197 neque
959 3120 1223 3195 carpitur

388 3206 610 3284 Ungue
653 3207 942 3266 flosculus
984 3207 1135 3277 ullo,

289 3301 489 3357 Anna
534 3294 804 3350 moribus
853 3292 1038 3349 enitet

389 3377 667 3451 Educata
706 3378 985 3454 piissime

387 3464 610 3521 Matris
651 3464 715 3519 in
762 3463 990 3539 gremio
1035 3481 1203 3535 suae,

388 3549 472 3606 Et
513 3547 865 3625 pudicitiam
914 3566 1024 3606 suo
