2452 4186
1259 310 1382 370 298

415 476 677 552 Opimos
721 476 924 554 gladio
977 496 1193 555 greges

410 562 700 637 Impedit,
747 580 1114 639 gregumque
1154 563 1359 622 duces.

412 646 556 704 Tec.
645 648 746 705 Me
788 647 1099 706 miseram:
1143 667 1352 715 amens
1394 648 1538 707 inde
1578 650 1717 708 inde
1768 651 1919 710 foris

412 729 671 807 Captiva
703 750 887 789 manu
929 733 1119 790 traxit
1165 752 1418 809 pascua.

408 816 654 874 Partem
703 818 766 874 in
806 816 968 874 nuda
1007 818 1301 896 iugulavit
1348 818 1547 876 hum0.

407 901 656 959 Partem
707 901 968 959 mediam
1010 904 1168 960 male
1210 902 1521 961 dissecuit.

408 986 550 1045 Duo
592 986 848 1064 lanigeri
884 1006 1173 1063 proceres
1215 989 1479 1063 pecoriS,

409 1071 589 1130 Illum
637 1072 855 1149 capite,
903 1078 962 1128 et
1000 1072 1210 1150 lingua
1254 1080 1510 1130 truncat.

409 1156 590 1215 Hunc
632 1156 904 1216 destituit
948 1166 1177 1216 rectum
1220 1158 1298 1215 ad
1339 1157 1524 1215 medii

410 1240 710 1301 Columen
752 1242 915 1298 tecti.

406 1327 488 1385 Et
531 1327 662 1384 fera
704 1345 1004 1401 quassans
1048 1326 1321 1396 vulnera,
1367 1326 1486 1384 lori

411 1410 645 1472 Saevus
690 1412 929 1469 habena
976 1412 1223 1468 mulctat
1264 1412 1486 1486 equini.

408 1500 607 1571 Atque
653 1498 945 1574 oggannit
988 1516 1114 1554 non
1157 1498 1321 1554 bona
1363 1497 1541 1569 dicta,

409 1581 556 1641 Non
596 1581 943 1640 humanitus
989 1600 1064 1638 ea
1101 1582 1336 1640 doctus.

1029 1666 1406 1742 Antistrophe
1450 1666 1610 1723 XII.

413 1749 523 1810 Ch.
613 1751 744 1808 Iam
787 1759 1026 1827 tempus
1074 1752 1382 1810 obnubere
1426 1758 1520 1810 est
1558 1769 1657 1808 ca-

414 1844 568 1911 -put,
612 1835 818 1893 timide
859 1843 918 1893 et
960 1855 1218 1911 propero

408 1921 641 1997 Fugam
685 1940 901 1997 parare
938 1921 1118 1978 furto,

413 2003 911 2080 Curriculumque
957 2005 1057 2062 citi

410 2090 579 2147 Leue
624 2089 865 2166 remigii
907 2090 1000 2148 in-

412 2174 754 2246 -scendere,
797 2193 911 2232 nec
953 2192 1204 2251 parcere
1249 2174 1408 2231 navi.

412 2260 644 2319 Tantas
686 2260 908 2331 minas,
951 2267 1160 2334 totque
1196 2259 1473 2319 volutant

409 2345 704 2403 Proceres
749 2345 1001 2404 Atridae

406 2429 634 2489 Duces.
680 2428 1011 2507 Saxipetas
1058 2447 1196 2485 nam

408 2516 629 2591 Populi
673 2534 884 2573 vereor

408 2602 651 2672 Manus,
692 2620 810 2657 neu
848 2618 981 2657 cum
1021 2617 1094 2656 eo
1137 2598 1200 2655 in
1245 2597 1421 2655 malis

409 2684 528 2743 His
574 2686 810 2742 iacente
856 2683 1230 2743 condoleam.

412 2770 558 2828 Tec.
637 2770 889 2827 Minime
930 2788 1093 2827 vero.
1144 2785 1383 2841 nanque
1431 2764 1662 2824 silescit

409 2855 516 2928 Ut,
557 2875 676 2912 non
721 2855 1046 2914 vehemens
1085 2853 1187 2927 qui
1232 2852 1416 2923 venit,
1461 2853 1704 2909 Auster.

411 2938 572 3012 Quin
612 2959 767 2997 nova
809 2958 1053 3013 compos
1095 2937 1349 2995 vulnera
1387 2936 1587 2994 sentit.

272 3026 374 3081 260
404 3024 568 3083 Nam
611 3044 723 3084 sua
764 3023 880 3083 sibi
924 3042 1057 3082 cum
1101 3023 1237 3096 quis
1284 3021 1447 3079 mala
1487 3026 1742 3097 spectat,

404 3110 485 3168 Et
531 3111 728 3168 socius
774 3110 838 3166 in
887 3110 974 3167 eis
1015 3126 1192 3166 nemo
1233 3106 1485 3177 accedit,

404 3195 499 3252 Ea
540 3194 746 3271 magni
797 3200 892 3252 est
944 3210 1166 3251 caussa
1213 3191 1468 3251 doloris.

408 3278 518 3337 Ch.
612 3279 937 3338 Hominem
978 3280 1220 3337 beatum
1267 3278 1321 3336 si
1364 3275 1523 3334 malo
1567 3273 1929 3349 defungitur.

404 3366 676 3424 Absente
722 3365 930 3423 morbo
972 3383 1113 3421 nam
1150 3363 1472 3420 remittitur
1510 3367 1725 3417 metus.

271 3454 371 3509 265
408 3450 553 3508 Tec.
642 3448 877 3507 Harum
914 3449 1187 3525 placeret
1222 3455 1358 3505 utra
1399 3442 1660 3505 conditio
1700 3442 1930 3520 magis:

410 3534 560 3595 Cum
605 3554 718 3612 per
762 3543 820 3591 te
863 3534 1073 3592 amicis
1121 3541 1215 3593 est
1258 3532 1437 3604 male,
1484 3548 1622 3588 esse
1665 3528 1773 3586 tibi
1808 3529 1987 3599 bene,
