2452 4186
1262 288 1384 348 396

412 456 493 517 55
852 454 1141 515 Adonidis
1183 460 1466 533 ausfimcn,
1508 467 1792 516 aromata.
2065 523 2076 530 q

412 542 505 601 Te
551 541 719 600 vario
764 541 1037 600 obtestor
1090 543 1204 600 sub
1252 544 1501 602 nomine
1541 542 1661 601 Die
1704 541 1988 617 Gamille,

411 626 863 698 Mollicomans,
905 633 965 684 et
1006 627 1324 701 vasticola,
1370 636 1549 703 atque
1591 628 1896 703 leporibus
1945 649 2200 707 augenS,

413 711 620 772 Conse
660 711 854 781 DeuS,
900 711 1212 783 Volturno,
1260 713 1608 771 alimentum
1657 714 1863 771 nobile
1908 734 2136 788 rerum,

410 797 599 870 Pusa,
646 815 817 872 puer,
871 797 1101 855 cunctis
1146 797 1519 857 viridescens
1574 817 1814 873 semper
1850 798 2116 873 Adonis,

358 956 363 960 .
414 882 672 953 Occase‚
719 889 779 938 et
811 880 1077 939 redivive
1125 883 1299 941 statis
1342 884 1719 941 vortentibus
1759 884 1963 956 anniS,

412 966 672 1044 Semper
708 965 931 1037 adulte,
977 966 1261 1040 bicornis,
1308 968 1592 1041 amabili',
1634 967 2071 1041 lacrumiculte',

410 1051 694 1123 Pulcher,
738 1059 960 1109 venatu
1004 1051 1298 1128 gaudens,
1344 1053 1877 1129 promissicapille,

410 1136 657 1208 Vinule,
703 1135 1003 1196 corculum
1047 1155 1305 1200 amenae
1349 1137 1572 1211 Divae,
1618 1157 1868 1215 germen
1913 1137 2167 1209 amoris,

412 1219 606 1294 Quem
649 1223 812 1280 bona
859 1221 1351 1297 polchricomans
1399 1223 1767 1297 Proserpina
1807 1221 1933 1280 Dia
1977 1222 2220 1297 pai-ivit,

414 1306 800 1366 Omnimodis
849 1307 953 1381 qui
997 1325 1156 1364 nuno
1196 1308 1431 1365 habitat
1475 1327 1581 1383 per
1621 1316 1849 1365 tartara
1896 1308 2104 1377 furva3

414 1391 506 1449 Te
552 1410 788 1451 rursum
828 1391 999 1448 caelo
1037 1391 1299 1451 reddens
1343 1401 1765 1469 tempestaque
1807 1393 2105 1464 membra,

411 1476 550 1535 Huc
589 1477 674 1535 sis
718 1476 1063 1535 flaminibus
1106 1477 1407 1536 deducens
1452 1478 1726 1556 germina
1767 1486 1986 1536 terrae.

414 1646 496 1705 56
567 1646 850 1704 Mercurii
876 1647 1220 1704 Tellumom's
1249 1646 1552 1705 Summani
1578 1648 1858 1722 suffimen,
1884 1656 2192 1704 sturaccm.

414 1731 537 1807 Qui
579 1731 732 1789 colis
775 1733 1167 1790 Amsanctum
1216 1739 1277 1788 et
1322 1732 1481 1789 viam
1526 1731 1966 1789 inexorabilem
1990 1732 2246 1804 Averni,

413 1816 851 1891 Pallentesque
903 1816 1136 1875 animas
1180 1817 1291 1874 sub
1338 1816 1538 1875 tristia
1579 1825 1806 1874 tartara
1846 1816 2037 1880 mittis

413 1901 719 1973 Tellumo,
758 1900 974 1959 lascivi
1018 1901 1193 1976 patri'
1232 1901 1440 1959 Liberi
1485 1901 1730 1959 alumna
1773 1920 2074 1978 propagO,

410 1990 609 2059 Atque
649 1985 1005 2043 Venustatis
1043 1985 1249 2057 Divai,
1291 1986 1550 2044 Murtiae
1596 2006 1869 2057 amenae,

414 2070 537 2147 Qui
577 2088 689 2146 per
723 2068 1046 2130 Larundae
1094 2071 1363 2129 sacraria
1409 2080 1619 2131 sancta
1659 2072 1923 2150 vagariS,

410 2158 749 2233 Aegrorum
791 2155 1119 2213 Lemurum
1161 2157 1274 2213 sub
1318 2165 1500 2231 terra,
1550 2177 1807 2216 accense
1847 2157 2088 2233 viator,

408 2241 661 2301 Ducens
703 2258 837 2298 cum
883 2241 1052 2298 stetit
1095 2241 1203 2297 illa
1258 2241 1388 2301 dies
1430 2262 1548 2317 qua
1591 2245 1792 2301 Morta
1829 2242 2078 2318 profata
2124 2252 2247 2314 est3

414 2325 744 2404 Sagminea
784 2326 932 2383 rude
972 2325 1091 2383 Die
1135 2327 1425 2401 soporifer
1462 2329 1664 2385 omnia
1702 2328 1998 2400 mulcenS,

412 2412 674 2469 Lumina
711 2412 857 2468 item
893 2410 1115 2468 fallace
1157 2414 1431 2471 natantia
1469 2421 1664 2470 morte
1710 2414 2050 2490 resignans·

415 2496 576 2571 (Hoc
620 2496 731 2554 tibi
772 2514 912 2553 nam
959 2495 1249 2554 Larunda
1294 2497 1457 2555 dedit
1498 2506 1779 2572 praetura
1822 2499 1884 2555 in
1922 2500 2195 2571 Averna,

412 2581 694 2638 Manibus
744 2582 1008 2639 aeternis
1046 2582 1394 2640 mortalium
1438 2583 1554 2641 iter
1594 2581 1896 2658 comitari)

411 2665 788 2724 Flaminibus
834 2666 1078 2724 tandem
1126 2667 1203 2724 da
1244 2668 1510 2726 faustum
1551 2669 1614 2726 in
1655 2665 1821 2726 rebu’
1864 2667 2158 2725 laborem.

415 2835 495 2894 57
862 2834 1163 2912 Cupidinis
1206 2838 1487 2912 suffimen,
1529 2845 1813 2897 aromata.

412 2922 639 2998 Magne
678 2939 829 2978 voco
865 2928 925 2978 te
969 2922 1223 2995 purime,
1270 2919 1561 2996 amabili'‚
1601 2921 1822 2979 blande
1866 2920 2131 2997 Cupido,

413 3006 796 3078 Arcitenens,
837 3005 966 3064 ales
1009 3026 1178 3084 puer,
1221 3006 1525 3084 ignivage,
1569 3008 1796 3082 impete
1839 3007 2050 3080 velox,

414 3091 683 3149 Ludens=
710 3109 843 3147 cum
889 3090 1068 3151 Divis
1112 3099 1170 3149 et
1217 3111 1351 3149 cum
1396 3086 1737 3171 mortalibu'
1778 3092 1984 3165 aeolia,

417 3174 631 3248 Caute,
674 3176 931 3252 gemelle
973 3197 1144 3252 puer,
1190 3178 1292 3252 qui
1335 3187 1687 3236 cunctorum
1724 3176 1999 3236 aedituus
2050 3199 2142 3253 es,

416 3258 623 3319 Coelei
642 3267 819 3336 atque
834 3259 1009 3334 Covi,
1024 3271 1085 3320 et
1102 3270 1323 3336 terrae,
1333 3272 1397 3321 ‘et
1407 3264 1595 3321 Maris
1612 3261 1989 3338 omnigenae,
2003 3274 2066 3322 et
2088 3283 2243 3340 quae

413 3343 768 3403 Nutricatur
807 3346 980 3407 alens
1028 3348 1323 3423 spirantia
1352 3349 1731 3425 frugiparens
1781 3347 1933 3423 Ops.

417 3427 706 3505 Quaeque
732 3438 792 3487 et
804 3434 1081 3491 Avernus
1102 3452 1249 3510 ager
1270 3434 1454 3510 genit,
1472 3442 1532 3491 et
1554 3452 1719 3490 mare
1739 3451 2043 3492 marmore
2057 3436 2240 3492 flavo:

413 3512 576 3573 Nam
621 3522 967 3574 cunctorum
1006 3519 1223 3576 horum
1268 3518 1438 3577 solus
1479 3517 1802 3577 moderari'
1839 3521 2113 3597 guberna
2127 3541 2145 3590 3
