2452 4186
1071 329 1187 387 341

227 494 528 573 Glangore
570 494 761 553 multo
803 496 1167 554 Acredulam
1212 497 1531 557 Budetiam
1595 521 1598 524 *

225 580 449 641 Galans
488 580 742 656 rapinae
785 581 1075 657 nuptialis
1119 582 1441 641 vindicem.

221 670 336 725 Ast
375 665 486 722 illa
535 665 728 742 signis
777 684 999 742 aspero
1040 666 1273 742 palatio

220 751 429 828 Pupas
478 768 810 810 coruscans
853 751 1107 810 caelitus
1157 752 1504 823 minabitur,

218 837 428 912 Lapsa
472 854 551 892 ex
592 834 822 893 falanto
861 837 1041 911 patrii
1086 836 1213 895 solo
1257 837 1449 910 Iovis,

219 925 350 981 Avo
389 920 718 996 imperanti
759 921 979 979 nobilis
1024 922 1359 998 possessio.

218 1006 417 1066 Unius
459 1006 538 1063 ob
590 1024 816 1063 noxam
861 1007 1011 1065 orba
1053 1007 1219 1065 mille
1260 1007 1516 1065 liberum

220 1090 522 1149 Tumulos
566 1089 781 1149 inanes
822 1099 1228 1166 conqueretur
1278 1091 1541 1151 Graecia

220 1175 362 1235 Non
406 1175 470 1232 in
515 1174 834 1250 sepulcris,
881 1176 988 1233 sed
1032 1176 1215 1235 maris
1255 1176 1439 1234 fundo
1487 1175 1662 1250 sitos,

221 1260 380 1337 Rogi
423 1278 773 1335 supremum
812 1280 942 1319 non
983 1268 1257 1338 tegentes
1300 1262 1621 1337 pulverem,

218 1345 408 1405 Urnis
453 1345 765 1417 latentem,
788 1354 876 1403 .ut
913 1346 1076 1404 iusta
1117 1346 1448 1405 denicalia:

221 1428 346 1491 Sed
390 1430 567 1488 triste
612 1449 857 1504 nomen,
904 1439 1084 1506 atque
1122 1432 1419 1507 cespitum
1464 1438 1643 1490 notas

217 1515 552 1573 Parentum
597 1515 809 1573 amicis
853 1516 1133 1593 irrigatas
1180 1516 1422 1576 fletibus

219 1601 300 1659 Et
333 1600 658 1658 liberorum
699 1599 985 1659 lacrumis
1033 1609 1095 1658 et
1138 1601 1480 1678 coniugum.

222 1684 514 1761 Ophelta,
562 1693 745 1759 tuque
789 1686 1028 1762 rupium
1073 1695 1275 1746 custos
1313 1686 1537 1757 Zarax,

220 1770 586 1846 Petraeque,
631 1777 695 1826 tu
740 1771 1064 1846 Trychata,
1106 1778 1291 1846 tuque
1335 1789 1520 1848 asper
1561 1769 1807 1841 Nedon,

221 1856 300 1913 Et
346 1873 502 1913 saxa
538 1854 866 1930 Dirphossi
907 1856 1108 1913 omnia
1152 1865 1213 1914 et
1253 1855 1568 1914 Diacrium

224 1939 463 2017 Specus
505 1940 743 1998 hiantes
786 1949 964 2015 atque
1009 1940 1343 2018 Phorcynis
1379 1941 1543 2018 iuga,

223 2024 389 2100 Quot
429 2026 824 2083 fluctuantum
867 2026 1082 2085 nenias
1110 2027 1492 2085 cadaverum

222 2109 376 2172 Cum
415 2112 729 2188 dissipatis
781 2112 1038 2171 audietis
1075 2113 1411 2189 puppibus:

224 2197 532 2273 Quantum
576 2197 894 2254 tumultum
942 2216 1305 2255 murmurum
1350 2196 1738 2255 infraenabili

220 2281 728 2358 Reciprocantem
770 2282 1067 2339 vorticum
1111 2300 1361 2357 spumas
1405 2281 1571 2340 salo:

223 2365 388 2440 Quot
437 2365 655 2423 deinde
691 2366 952 2423 thunnos
995 2367 1188 2425 saucii
1226 2366 1619 2441 compagibus

223 2453 318 2509 Ad
364 2470 522 2510 saxa
552 2451 777 2509 ‘fractis
829 2451 1095 2523 verticis,
1142 2468 1297 2525 quos
1347 2450 1601 2508 caelitus

222 2535 430 2595 Noctu
469 2537 755 2595 rubentes
800 2536 1122 2595 manubiae
1168 2535 1428 2593 obstitos
1474 2538 1770 2611 prement,

222 2621 343 2681 Ubi
387 2621 532 2679 flore
568 2622 693 2678 iam
737 2621 1125 2698 vertiginosis
1167 2620 1378 2679 Liberi

223 2706 483 2765 Lucebit
524 2706 784 2764 indicem
831 2707 1215 2765 tenebrarum
1257 2706 1449 2763 facem

220 2791 400 2850 U1t0r
441 2792 685 2849 nocenti
717 2791 979 2868 pervigil
1023 2811 1204 2850 curae
1249 2791 1519 2849 studens.

224 2878 306 2935 At
343 2877 507 2933 hunc
545 2885 611 2933 ut
650 2878 1100 2935 amburvantem
1150 2876 1324 2951 aquis
1372 2873 1705 2933 alcedinem

226 2960 347 3019 Per
391 2978 550 3019 saxa
586 2962 793 3036 iniqua
832 2962 1079 3019 velitem
1123 2963 1341 3019 fluctus
1384 2960 1538 3017 feret

225 3048 445 3105 Actum
487 3046 777 3122 procellis
817 3047 976 3104 inter
1015 3065 1154 3105 aras
1200 3046 1493 3122 duplices.

231 3129 535 3207 Gyrisque
579 3131 813 3190 siccans
853 3132 917 3188 in
960 3132 1151 3208 petris
1196 3131 1328 3189 alas
1371 3129 1523 3187 mari

226 3216 417 3274 Multo
459 3215 796 3289 madentes,
833 3216 1088 3275 alterum
1133 3235 1300 3274 mare
1344 3213 1580 3272 hauriet

224 3300 572 3378 Perpessus
616 3301 771 3360 ictus
818 3321 856 3358 a
892 3300 1150 3359 tridente
1190 3301 1451 3372 fuscina,

224 3383 361 3459 Qua
401 3385 567 3445 ultor
608 3387 777 3445 illum
821 3387 1146 3446 vulnerans
1199 3386 1517 3463 operarius

226 3469 383 3529 Cum
431 3471 592 3531 orcis
637 3473 841 3550 adiget
881 3473 1108 3530 habere
1146 3489 1525 3530 communem
1568 3469 1797 3546 fugam,

221 3555 406 3616 Vano
451 3556 749 3615 cucullum
780 3558 1156 3615 blattientem
1194 3555 1421 3634 pipulo.
1485 3601 1491 3606 .

2050 1010 2150 1063 365

2049 1436 2153 1491 370

2050 1864 2151 1917 375

2050 2287 2154 2341 380

2051 2711 2152 2766 385

2006 3134 2155 3192 ’390

2051 3559 2154 3615 395
