2452 4186
1249 317 1366 374 116

392 484 516 560 Qui
554 485 750 543 nescit
791 484 983 555 illam,
1027 483 1343 559 perperam
1388 487 1501 544 scit
1547 493 1835 544 caeteras.

390 654 493 713 20.
581 653 723 711 Tibi
765 653 910 710 mali
951 673 1158 711 omnes
1202 654 1517 712 invident?
1563 664 1625 712 at
1664 676 1780 712 non
1825 656 1997 713 boni.

389 741 468 798 Et
512 738 736 797 nemini
779 736 1016 810 omnes,
1066 739 1346 797 omnibus
1395 759 1567 797 nemo
1601 740 1844 799 invidet.

390 909 492 967 21.
578 907 678 966 Ne
722 908 997 965 curiosus
1045 926 1268 982 quaere
1310 926 1560 967 caussas
1609 910 1899 982 omnium,

393 992 798 1067 Quaecunque
839 992 1012 1049 libris
1046 992 1139 1050 vis
1177 992 1621 1070 Prophetarum
1668 994 1885 1053 indidit

392 1080 617 1146 Afflata
660 1075 854 1149 caelo,
900 1076 1083 1152 plena
1128 1080 1332 1136 veraci
1376 1078 1534 1136 Dec.

393 1162 529 1222 Nec
575 1169 788 1239 operta
833 1162 995 1244 *sacri
1044 1180 1311 1238 supparo
1359 1163 1584 1221 silentii

389 1249 735 1325 Irrumpere
774 1246 949 1318 aude,
999 1246 1108 1304 sed
1148 1248 1446 1323 pudenter
1489 1247 1772 1324 praeteri.

392 1332 651 1392 Nescire
692 1332 882 1404 velle.
914 1349 1068 1405 quae
1112 1334 1402 1409 magister
1443 1331 1745 1390 maximus

388 1419 624 1478 Docere
665 1437 780 1474 non
829 1416 976 1488 vult,
1026 1417 1260 1474 erudita
1301 1420 1548 1477 inscitia
1593 1424 1703 1474 est.

392 1588 494 1646 22.
585 1584 652 1646 Si
694 1592 754 1642 te
800 1584 1125 1661 Tyrannus
1175 1584 1337 1642 falsa
1389 1585 1659 1662 adegerit
1698 1585 1890 1660 loqui,

390 1670 564 1730 Nihil
607 1669 961 1726 indecorum
999 1687 1112 1724 nec
1152 1669 1313 1725 bono
1358 1669 1476 1740 fac,
1523 1689 1635 1727 nec
1681 1671 1826 1729 viro,

393 1755 716 1817 Servilium
762 1753 814 1810 si
858 1754 1175 1810 verberum
1222 1745 1482 1811 intentat
1528 1756 1746 1827 minas,

394 1840 464 1902 Si
506 1841 682 1899 triste
724 1838 956 1910 letums
979 1837 1280 1914 gratulare
1324 1846 1390 1896 tu
1430 1839 1561 1912 tibi,

393 1925 572 1999 Quod
613 1932 673 1982 te
713 1922 981 1999 experiri
1025 1922 1174 1978 dura
1216 1941 1327 1997 per
1366 1925 1733 1995 discrimina,

392 2010 618 2083 Quanti
657 2008 1011 2066 aestimares
1056 2007 1393 2081 veritatem,
1439 2009 1706 2086 contigit.

393 2096 695 2156 Constare
737 2113 929 2170 parvo
966 2100 1137 2150 tanta
1180 2113 1279 2169 res
1326 2116 1443 2153 non
1482 2095 1705 2152 debuit.

390 2181 728 2240 Poenarum
775 2179 993 2236 acerba
1033 2178 1188 2234 ridet
1234 2182 1452 2252 audax,
1501 2180 1705 2237 omnia

394 2267 514 2325 Pro
559 2266 810 2324 veritate
853 2263 955 2337 qui
988 2262 1179 2334 timet,
1218 2286 1328 2342 pro
1369 2283 1436 2323 se
1475 2265 1642 2322 nihil.

396 2438 497 2495 23.
583 2435 720 2494 Nos
768 2437 1086 2510 sciscitari,
1134 2456 1239 2494 cur
1284 2434 1505 2494 Catoni
1547 2455 1664 2492 non
1709 2434 1932 2506 datum,

396 2523 595 2597 Quam
643 2540 746 2578 cur
790 2523 993 2580 datum
1035 2524 1114 2581 sit
1157 2520 1514 2600 praemium,
1559 2520 1791 2577 mavult
1834 2518 2007 2589 Cata,

396 2605 682 2667 Sciscens
725 2607 799 2664 ab
840 2608 999 2666 omni
1044 2616 1218 2684 parte
1261 2606 1539 2664 virtutem
1585 2605 1825 2661 unicum

351 2692 646 2759 ,Nirtutis
696 2709 833 2750 esse
877 2694 1234 2769 praemium,
1283 2709 1462 2748 omne
1504 2696 1772 2747 temnere

391 2777 651 2834 Paratus
694 2776 853 2834 ultro
900 2777 955 2836 si
997 2778 1311 2834 offeratur:
1359 2773 1693 2832 Maximum
1742 2781 1835 2832 est

390 2861 637 2920 Ambire
679 2861 859 2933 nolle,
905 2880 1085 2936 quum
1127 2860 1346 2917 mereri
1389 2860 1628 2918 sufficit.

390 2946 687 3023 Accipere
724 2945 882 3002 nolle
922 2965 1100 3020 quam
1146 2945 1387 3018 mereri,
1436 2945 1630 3001 maius
1682 2951 1792 3001 est.

393 3116 494 3174 24.
584 3113 871 3174 Oblatum
913 3114 1207 3173 honorem
1249 3114 1497 3172 reiicis?
1545 3111 1879 3183 considera,

391 3198 557 3260 Num
597 3200 793 3258 fastus
835 3198 1008 3272 illud,
1048 3200 1387 3258 rusticusve
1431 3199 1509 3256 sit
1549 3197 1766 3275 pudor.

392 3286 583 3344 Aufer
622 3285 920 3343 cavillum.
969 3285 1219 3342 comiter
1261 3285 1348 3343 sic
1388 3283 1594 3356 refice,

392 3369 534 3431 Non
580 3370 754 3444 quasi
788 3388 1078 3429 recusans
1124 3369 1483 3446 praemium,
1529 3367 1634 3425 sed
1680 3366 1987 3423 differens.

394 3540 496 3600 25.
583 3534 819 3597 Natura
862 3541 936 3596 ab
977 3539 1144 3597 omni
1180 3542 1590 3612 comparatum
1636 3541 1731 3593 est
1768 3536 2049 3609 tempos-e
