2452 4186
1209 301 1293 362 40

342 470 487 539 ὁδὸς
535 469 632 552 μί’
680 469 835 532 ἐστὶν
882 468 1183 553 ἀγχόνης,
1209 470 1248 552 ἢ
1303 469 1655 552 φαρμάκου.

838 561 925 617 ita
974 559 1342 617 convertebat
1381 556 1664 634 Scaliqer.

342 637 524 702 οὐδὲν
565 636 799 721 ἔρωτος
841 638 989 706 ἄκος
1028 638 1544 723 προφερέστερον,
1588 639 1665 721 ἠὲ
1711 639 2004 722 τραχήλῳ

428 724 679 806 ἀρτάνη,
719 723 757 806 ἢ
803 722 1058 809 βρόχθῳ
1108 721 1561 841 φαρμακόεσσα
1606 723 1800 791 πόσις.

493 896 594 953 43.
683 898 762 955 In
794 895 982 968 filium
1031 897 1318 970 quendam
1350 896 1519 969 patri
1559 896 2012 954 dissimillimum.

340 978 567 1061 ἡρώων
608 977 827 1043 παῖδες
867 974 1004 1037 κάκ’
1057 974 1345 1058 ἐλέγχεα,
1383 974 1551 1065 τοῦτ’
1599 974 1702 1057 ἀρ’
1739 976 2015 1059 ἀληθῶς,

430 1061 594 1128 ὅστις
638 1059 746 1144 ἀφ’
776 1056 1099 1122 Ἑλλάνων
1146 1058 1281 1120 εἷπε
1326 1058 1737 1164 παροιμιοίων.

344 1143 495 1249 οὐχ
507 1145 716 1227 ὁράᾳς,
763 1147 847 1211 ὥς
888 1146 1033 1210 παῖς
1073 1141 1205 1225 μέγ’
1254 1142 1674 1226 ἀριστεύσαντι
1719 1144 1983 1228 πεφύκει

426 1227 625 1311 γύννις
664 1227 789 1304 ὅδ’,
832 1232 916 1296 ὡς
956 1233 1187 1312 πινυτῷ
1239 1230 1396 1310 φωτὶ
1445 1227 1918 1312 χαλιφρονέων;

346 1315 579 1398 δράστῃ
600 1274 1064 1419 ἀμβολιεργὸςς
1122 1313 1509 1395 ἀπαυδήμων
1556 1315 1915 1459 ταλαεργῳ;

428 1402 631 1482 τακτῷ
676 1395 1083 1502 ἀκρσμόβιος;
1132 1396 1442 1480 σύμφρον’
1489 1396 1787 1483 ἀκαιροβό
1794 1419 1894 1473 αςς

347 1487 556 1567 σεμνῷ
598 1482 1016 1563 ἀτιμόγελωςς
1073 1483 1175 1544 καὶ
1217 1483 1568 1565 μαψιλοὶκης
1615 1481 1938 1566 ἐχεμύθῳς

428 1572 515 1651 τῷ
561 1588 627 1628 τε
670 1569 1067 1649 γαληνοφαεῖ
1102 1567 1820 1671 σκυθρομετωπονεφήςς

344 1655 435 1735 τῷ
487 1651 756 1734 ῥαδινοῖς
803 1650 1119 1732 μελέεσσιν
1163 1649 1440 1732 ἀρηρότι,
1485 1652 1747 1733 γαστρὸς
1795 1651 2068 1734 ἐφολκὶς,

434 1735 479 1797 ἅ
518 1758 585 1797 τε
627 1734 1041 1820 βαθόκναμος,
1101 1734 1203 1795 καὶ
1242 1735 1596 1803 πλατύπους
1635 1735 1937 1812 πιθάκνας

345 1822 600 1928 ἡρώων
617 1820 837 1887 παῖδες
883 1821 1103 1903 λῶβαι.
1148 1818 1208 1878 τί
1247 1839 1317 1879 κε
1363 1817 1822 1903 θαμβήσαιμεν,

435 1905 491 1967 εἰ
535 1904 600 1988 χ
648 1904 818 1986 ἥρως
855 1904 1065 1988 λώβαν
1114 1901 1283 1965 τόνὸ
1334 1902 1607 1987 ἀνέφυσε
1651 1906 1889 1987 πατήρ;

574 2076 673 2135 44.
762 2077 927 2134 Inter
970 2096 1137 2135 arma
1178 2097 1295 2134 non
1334 2097 1451 2136 esse
1501 2078 1692 2136 Musis
1737 2078 1938 2136 locum.

348 2157 557 2243 τεύχε’
604 2157 1039 2262 ἐπαλλοτριβῆ,
1083 2159 1496 2241 πυρικόμονος
1540 2158 1788 2241 ἔμπορα
1828 2159 2068 2243 τέχνης,

480 2243 669 2310 αλκὸς
716 2243 824 2325 μὲν
875 2241 1051 2304 λιθότ
1030 2249 1181 2325 ιτριζ),
1230 2244 1642 2328 χαλκοτριβής
1676 2265 1743 2304 τε
1787 2243 1979 2320 λίθος,

348 2266 478 2390 xa}
497 2327 645 2388 τάδε
691 2326 1003 2411 θειοβαφῆ
1055 2325 1319 2431 φέγγους
1363 2327 1690 2411 θηρήμονα
1737 2329 2002 2434 κάρφεα,

435 2414 539 2475 καὶ
592 2413 825 2494 φλογὸς
869 2410 1187 2494 ἁρπαλέης
1224 2412 1394 2474 τοῦτ’
1438 2412 1647 2495 ἀλιβὲς
1692 2411 1940 2496 δέλεαρ,

350 2499 454 2561 καὶ
500 2519 571 2558 συ
617 2495 1060 2579 φιλαγρύπνοιο
1108 2496 1404 2579 συνίστωρ
1451 2496 1636 2581 λύχνε
1685 2497 2000 2580 μερίμνης,

439 2581 767 2664 νυκτιφαὲς
799 2585 1048 2661 πινυτῆς
1089 2580 1262 2662 ὄμμα
1305 2582 1778 2687 περιφροσύνης,

350 2665 599 2754 χαίρετέ
649 2688 772 2747 μοι.
819 2664 957 2727 τότε
1002 2664 1115 2772 γὰρ
1159 2666 1361 2768 πολλὴ
1401 2667 1580 2749 χάρις
1621 2664 1927 2729 ἔσσεται
1903 2667 2137 2749 υμέων,

439 2752 574 2814 ὅττε
622 2772 849 2834 μαχης,
890 2751 989 2811 καὶ
1024 2748 1251 2831 Ἄρευς
1297 2747 1540 2812 ἔσσεται
1589 2751 1872 2833 οὐδεμίη.

1048 2839 1213 2894 Idem
1254 2837 1485 2895 Latine.

352 2926 542 2984 Arma
581 2941 689 2982 suo
737 2922 942 2980 attritu
991 2922 1365 2980 excudendis
1420 2923 1662 3000 ignibus
1706 2932 1874 2999 apta,

438 3008 736 3084 Quodque
780 3006 920 3065 terit
961 3007 1209 3079 ferrum,
1255 3007 1356 3082 qui
1404 3009 1732 3082 teriturque
1775 3009 1966 3066 silex:

352 3096 435 3155 Et
476 3094 635 3171 quod
675 3092 1004 3153 sulfureum
1045 3100 1300 3150 venatur
1343 3093 1575 3151 lumina
1617 3093 1875 3170 lignum:

439 3178 659 3240 Ustilis
704 3187 764 3236 et
805 3177 988 3236 celeri
1033 3197 1189 3252 quae
1230 3178 1389 3255 perit
1431 3197 1574 3236 esca
1609 3197 1791 3256 rogo:

357 3265 574 3341 Tuque
615 3264 764 3323 mihi
803 3262 1003 3342 vigilis
1052 3264 1385 3322 studiorum
1429 3263 1671 3322 conscia
1715 3282 1877 3335 cura,

440 3350 764 3410 Illustrans
804 3358 1009 3409 noctes
1055 3368 1243 3424 parca
1283 3347 1532 3405 lucerna
1575 3367 1775 3407 meas:

355 3435 450 3494 Ite
494 3436 735 3512 procul!
783 3436 969 3493 vestri
1006 3452 1156 3493 usus
1198 3433 1312 3491 erit
1358 3433 1456 3489 vel
1500 3434 1804 3492 maximus
1850 3432 2017 3504 olim,

443 3519 514 3581 Si
554 3540 751 3596 neque
793 3521 1113 3591 bellorum,
1163 3520 1218 3579 si
1256 3536 1452 3593 neque
1489 3520 1704 3578 Martis
1749 3518 1878 3576 erit.
