2452 4186
1113 264 1195 323 79

235 439 319 495 At
363 435 758 509 quodcunque
798 432 933 504 fuit,
975 435 1029 492 si
1070 436 1235 509 quod
1277 434 1409 508 fuit,
1446 452 1626 492 omne
1667 432 1898 491 doloris

239 519 541 581 Sordibus
589 517 879 589 obsoluit,
923 537 1118 594 neque
1161 520 1283 577 iam
1327 518 1753 595 splendescere
1796 517 1960 575 cultu

240 605 518 666 Sustinet
559 602 895 679 ingenium,
942 604 1165 679 duplici
1207 605 1371 680 quod
1420 605 1631 661 funere
1670 603 1897 660 sensim

237 689 461 749 Efferri
499 687 835 748 sentimus:
884 689 1070 747 hebes
1111 710 1252 747 nam
1295 689 1556 747 luctibus
1603 688 1744 744 hinc
1786 696 1900 759 est,

238 776 405 833 Hinc
448 774 647 849 ipsum
695 772 941 848 frangit,
985 793 1139 848 quae
1179 776 1407 852 frangit
1433 780 1667 844 cuncta,
1713 780 2024 830 senectus:

236 861 326 920 Ut
366 858 677 933 quondam
723 857 895 916 senio
942 859 1157 916 rimam
1204 860 1466 917 faciente
1512 858 1769 916 dehiscit

239 946 371 1002 Iam
424 943 621 1020 putris
664 942 896 1017 paries:
948 945 1193 1022 proprio
1239 964 1386 1003 mox
1426 943 1696 1020 pondere
1737 950 1991 1000 tractum

241 1032 315 1088 In
359 1027 733 1105 proclinatas
780 1036 1169 1102 prosternunt
1208 1031 1456 1087 flamina
1499 1035 1724 1104 partes.

246 1114 498 1175 Scilicet
549 1112 843 1187 exequias
886 1121 1092 1171 vestro
1139 1115 1225 1172 sic
1270 1116 1360 1172 ire
1400 1113 1632 1189 parenti

244 1200 383 1257 Hac
428 1217 544 1274 ope
591 1196 877 1269 nitentes,
926 1199 1038 1255 hac
1083 1199 1278 1257 cultos
1328 1206 1526 1256 mente
1570 1195 1840 1253 iubetis?

241 1284 527 1357 Namque
576 1301 651 1338 ex
695 1301 811 1355 quo
855 1283 964 1340 tali
1009 1302 1113 1341 vos
1165 1286 1347 1341 orbos
1391 1290 1561 1359 patre
1601 1280 1846 1353 reliquit

249 1369 450 1445 Nigra
494 1367 654 1437 dies,
700 1367 860 1443 turpi
902 1369 1138 1426 macula
1181 1387 1335 1443 quae
1383 1368 1546 1425 secla
1588 1372 1802 1422 notare

243 1453 389 1513 Non
435 1452 630 1510 verita
672 1460 787 1523 est,
840 1461 1011 1512 tanto
1060 1454 1201 1510 dum
1244 1454 1443 1528 privat
1486 1451 1684 1510 sidere
1725 1447 2030 1518 mundum,

241 1542 349 1598 Ex
390 1539 503 1594 hoc
543 1536 711 1593 nulla
753 1537 900 1595 mihi
935 1539 1277 1596 diffundunt
1313 1538 1532 1615 gaudia
1570 1534 1834 1594 vultum:

242 1626 332 1683 Et
372 1641 529 1697 quae
573 1629 715 1681 sunt
757 1623 971 1680 solitae
1010 1623 1193 1701 vulgo
1241 1623 1430 1680 lenire
1472 1621 1736 1680 dolorem

243 1709 367 1766 Vel
406 1707 581 1778 ratiO,
629 1706 727 1763 vel
767 1707 955 1785 longa
1004 1709 1157 1781 dies,
1199 1710 1412 1765 harum
1455 1707 1649 1763 altera
1691 1712 1895 1761 tantae

243 1796 529 1852 Iacturae
572 1792 851 1849 meritum
899 1794 1085 1851 menti
1130 1793 1368 1853 obiicit:
1414 1792 1604 1849 altera
1641 1791 1823 1865 longo

248 1876 542 1939 Carnifici
589 1894 767 1933 curae
801 1878 960 1936 vires
1000 1879 1256 1953 acquirit
1297 1879 1373 1935 ab
1414 1896 1588 1933 aevo·

246 1963 485 2023 Ultima
530 1963 842 2020 restabant
885 1964 1086 2020 animo
1130 1964 1353 2022 solatia
1394 1963 1575 2033 vict0,

249 2048 423 2123 Quas
472 2065 511 2103 a
553 2063 652 2103 me
697 2048 965 2125 exigitis,
1009 2066 1204 2124 neque
1249 2067 1346 2106 me
1393 2048 1613 2105 debere
1658 2045 1909 2113 fatebor,

249 2134 484 2193 Dulces
523 2131 821 2204 Pierides,
867 2153 1204 2211 generosae
1248 2134 1474 2211 pabula
1517 2131 1735 2190 mentis

253 2217 561 2280 Suavibus
602 2216 665 2273 in
708 2219 922 2276 studiis
968 2218 1296 2278 Heliconia
1337 2237 1512 2277 sacra
1553 2214 1833 2274 colentis:

253 2304 395 2377 Qua
439 2322 565 2359 non
606 2310 702 2360 est
737 2304 936 2361 animo
978 2305 1174 2378 potior
1214 2304 1515 2363 medicina
1553 2299 1828 2370 tumenti,

255 2389 459 2462 Quum
504 2386 677 2445 dolor
717 2389 978 2465 egeritur
1018 2389 1308 2461 lacrimis,
1358 2387 1780 2464 explendaque
1828 2383 1971 2439 fletu

257 2474 426 2534 Cura
467 2472 637 2529 novis
672 2473 779 2532 iris
827 2493 1039 2532 omnes
1085 2475 1340 2532 effundit
1377 2475 1668 2530 habenas.

258 2559 390 2620 Sed
426 2575 543 2614 nos
590 2558 902 2617 Musarum
948 2568 1246 2617 secretum
1287 2559 1458 2617 triste
1510 2561 1781 2631 petentes

256 2642 493 2703 Nescio
539 2642 675 2715 quis
714 2662 939 2719 pravae
982 2644 1317 2703 dulcedinis
1358 2643 1569 2700 efferat
1611 2658 1795 2709 error,

259 2726 555 2789 Absentis
600 2746 905 2787 memores
949 2730 1142 2806 figens
1182 2731 1247 2787 in
1292 2728 1554 2805 imagine
1594 2741 1846 2784 sensus:

263 2813 393 2890 Qui
427 2811 568 2868 dum
611 2813 922 2888 praeteriti
966 2816 1271 2873 convictus
1317 2819 1620 2890 computat
1661 2808 1814 2879 aevi,

261 2903 467 2973 Atque
509 2897 628 2956 sibi
679 2899 985 2958 blanditus
1031 2901 1092 2956 in
1138 2901 1300 2958 omni
1340 2898 1575 2975 quaerit
1616 2896 1874 2952 amicum

266 2982 583 3043 Historiae
622 2983 884 3056 cumulo,
927 2986 1044 3042 heu
1084 2986 1321 3059 quoties
1365 2985 1600 3043 obiecta
1640 2978 1848 3057 figuris

264 3069 450 3129 Lusit
490 3069 850 3127 amabilibus
895 3089 1197 3128 memores
1245 3071 1486 3128 insania
1529 3064 1787 3126 sensus?

188 3188 193 3192 ·
265 3155 434 3214 Nam
471 3172 819 3229 quocunque
865 3174 1034 3213 meos
1079 3156 1400 3212 circunfert
1439 3153 1617 3211 lectio
1658 3150 1850 3217 visus,

269 3240 398 3301 Seu
438 3258 615 3313 quem
657 3239 924 3298 iustitiae
964 3240 1156 3312 dotes,
1200 3247 1305 3296 aut
1348 3239 1542 3317 gratia
1579 3253 1837 3304 morum,

269 3329 398 3385 Aut
439 3324 586 3382 iuris
632 3326 1013 3383 commendat
1057 3344 1238 3401 apex,
1278 3334 1383 3381 aut
1423 3322 1620 3400 gloria
1657 3321 1922 3397 linguae,

267 3409 505 3470 Unicus
548 3411 806 3468 occurrit
848 3410 1026 3469 nobis
1067 3411 1378 3468 Puteanus
1424 3410 1486 3465 in
1526 3407 1649 3465 illis

267 3495 591 3570 Exemplis
640 3494 952 3554 decorum:
999 3498 1142 3572 quia
1178 3513 1353 3570 quem
1400 3499 1691 3569 congesta
1737 3489 1990 3548 decebat
