2452 4186
1116 320 1192 378 57

315 488 414 546 Ex
459 495 582 545 tam
627 487 884 546 diversis
927 488 1098 546 iussa
1139 490 1300 547 coire
1341 489 1522 548 loeis:

237 572 517 648 Qualiter
559 571 850 649 Aegides,
895 582 963 631 ut
1008 574 1287 632 Athenae
1331 592 1578 652 surgere
1616 583 1892 650 possent,

316 657 556 717 Dicitur
600 676 677 716 ex
714 659 875 715 omni
921 666 1096 734 parte
1140 661 1364 718 citasse
1410 660 1596 718 viros.

235 740 370 800 Nee
415 742 617 800 minus
664 761 704 798 a
731 742 977 814 Titane,
1022 742 1301 816 Sweerti‚
1348 745 1456 803 tibi
1497 744 1693 821 gloria
1732 752 1909 820 parta
1948 753 2062 817 est,

320 825 517 900 Quam
562 826 785 887 Titulis
833 847 869 884 a
909 836 970 885 te
1015 830 1373 886 conciliatur
1415 830 1629 887 honos.

237 910 396 970 Nam
434 913 563 970 vita
606 911 832 971 functis
881 913 1064 970 vitam
1109 915 1484 972 Munimenta
1526 913 1847 973 dederunt:

319 999 438 1056 Ast
479 998 665 1055 vitam
711 997 934 1056 debent
976 1017 1133 1056 nune
1171 1000 1543 1057 Monimenta
1584 999 1714 1056 tibi.

546 1090 679 1145 1607
717 1093 822 1141 XV
861 1094 980 1142 Kal.
1021 1096 1148 1143 Maii
1186 1096 1387 1145 Iuliani.

388 1245 492 1304 25.
543 1250 632 1306 -In
674 1248 781 1305 Fr.
833 1249 991 1307 Ulmi
1030 1249 1251 1307 Medici
1293 1250 1545 1306 libellum
1589 1249 1683 1305 De
1717 1247 1916 1306 Dione.

241 1323 489 1410 Οὖλμος
531 1328 675 1392 ἰδὼν
723 1329 878 1391 κατὰ
913 1330 1112 1411 θυμὸν
1160 1329 1483 1411 ἀμύμονας
1525 1328 1659 1396 υἷας
1704 1329 1925 1412 ἰητρῶν

324 1407 698 1496 Τυφλοσύνῃ
746 1414 1092 1496 πραπίδων,
1128 1415 1231 1475 καὶ
1278 1416 1420 1481 νοὸς
1462 1413 1746 1497 ἀμφασίῃ

241 1493 480 1563 Πάντας
528 1496 1004 1581 σπληνιόωντας,
1064 1499 1304 1580 ἰήσατο,
1362 1499 1559 1582 ῥίμφα
1601 1496 1664 1559 δ’
1713 1498 1975 1580 ἰητρῶν“

314 1577 418 1643 Ἐν
468 1583 650 1665 φρεσὶ
696 1583 804 1665 τὴν
847 1583 1101 1667 χρονίην
1144 1587 1365 1644 νοῦσον
1413 1582 1834 1664 ἀκεσσοὶμενος

229 1662 631 1749 Ἱπποκράτην
681 1668 785 1730 τὸν
830 1668 1023 1741 θεῖον,
1075 1666 1414 1750 ἀμώμητόν
1456 1689 1522 1728 τε
1565 1665 1844 1750 Γαληνὸν

322 1746 459 1813 Τῶν
503 1752 554 1812 τ’
595 1750 1067 1834 Ἀσκληπιαδῶν
1113 1754 1282 1836 φῦλα
1326 1750 1751 1833 παλαιγβνέων

232 1833 556 1918 Ἰδμοσύνῃ
609 1838 776 1918 μάλα
817 1839 1048 1904 πάντας
1100 1836 1489 1921 ὑπερβλήδην
1538 1835 1851 1898 ἐκέκαστο.

321 1916 573 2001 Οὖλμος
616 1920 889 2002 ἐνίκησεν
937 1922 1168 1988 πάντας
1205 1921 1554 2004 ἀκεστορίῃ.

240 1999 313 2066 Οἱ
403 2005 466 2066 ὲν
511 2010 630 2067 τῶν
676 2004 883 2067 ἄλλων
945 2006 1291 2088 ἀνθρώπων
1343 2003 1535 2088 ἔμμεν
1579 2006 1773 2088 ἰητροὶ

318 2030 634 2167 Σξεῦνται,
682 2091 714 2154 ὁ
762 2088 820 2153 δ’
874 2090 1095 2172 ἰητρῶν
1145 2087 1396 2173 Οὖλμος
1444 2091 1646 2175 ἰητρὸς
1689 2088 1832 2175 ἔφυ.

931 2181 1098 2237 Idem
1138 2178 1374 2237 Latine.

235 2263 570 2339 Perplexos
618 2263 890 2321 medicos
936 2262 1327 2322 doctissimus
1371 2262 1614 2335 Ulmus),
1659 2272 1723 2321 ut
1755 2264 1879 2323 illis

321 2346 630 2424 Coeperat
674 2366 711 2404 a
750 2366 932 2406 caeca
969 2356 1169 2407 mente
1207 2358 1438 2407 tumere
1480 2349 1626 2420 lien,

235 2433 518 2509 Aspexit,
566 2434 763 2492 morbi
802 2435 1197 2511 purgavitque
1238 2434 1426 2492 illius.
1513 2435 1674 2510 Ergo

316 2518 587 2594 Antiqua
631 2526 699 2576 ut
746 2520 967 2578 mentis
1011 2519 1180 2577 febre
1223 2519 1451 2578 levavit
1495 2537 1627 2590 e08‚

236 2603 677 2680 Hippocratem
727 2603 1017 2677 divinum,
1067 2605 1296 2661 intaeta
1339 2612 1399 2661 et
1436 2602 1614 2660 laude
1659 2600 1982 2673 Galenum‚

320 2695 520 2763 Atque
562 2688 989 2763 Asclepiadum
1043 2689 1249 2748 saecla
1292 2696 1533 2747 vetusta
1575 2686 1767 2744 virum

237 2779 382 2833 Arte
427 2774 746 2833 salutifera
791 2774 986 2833 vietor
1030 2774 1443 2850 supereminet
1487 2790 1722 2844 omme,

322 2859 555 2919 Omnes
604 2867 665 2917 et
710 2859 945 2916 medica
991 2860 1282 2936 praeterit
1327 2859 1542 2920 Ulmus
1586 2876 1722 2934 ope.

239 2942 518 3019 Namque
557 2944 814 3003 aliorum
860 2944 952 3001 illi
995 2946 1286 3004 sanandis
1334 2944 1580 3002 artubus
1628 2941 1828 3019 aegris

322 3028 477 3089 Sunt
521 3030 758 3088 medici.
810 3028 927 3088 His
973 3030 1241 3087 medicas
1290 3029 1489 3088 attulit
1530 3028 1666 3105 ipse
1707 3046 1943 3085 manus.

347 3198 449 3257 26.
539 3200 750 3258 Paullo
793 3201 1063 3258 Merulae
1104 3199 1175 3268 Q.
1215 3201 1404 3257 Ennii
1447 3198 1708 3257 Annales
1749 3198 1955 3256 edenti.

224 3275 306 3341 Ὦ
353 3281 610 3363 λιπαρὸν
658 3279 826 3343 πόδα
874 3285 1118 3363 πρῶτος
1161 3281 1263 3341 ἐπ’
1303 3282 1548 3363 ἀστιβὲς
1592 3277 1783 3348 οὖδας
1824 3278 2069 3366 ἐρείσας

315 3363 612 3447 Ἰταλικῆς
658 3362 919 3447 Μούσης
963 3363 1166 3444 Ἰταλὲ,
1209 3362 1540 3445 Μαιονίδη,

230 3443 338 3515 Ὠς
380 3448 501 3532 ἄρα
537 3449 949 3533 προφρονέως
994 3452 1161 3531 μάλα
1202 3449 1567 3529 λεύσσομεν,
1603 3445 1823 3524 Ἔννιε,
1871 3449 2069 3532 λήθης

321 3529 441 3597 Καὶ
480 3533 710 3617 Στυγὸς
750 3535 1086 3619 ὀρφναίους
1126 3539 1230 3597 νῦν
1283 3556 1352 3595 σε
1399 3533 1653 3595 λιπόντα
1696 3533 1947 3618 πόρους.

551 3701 568 3732 Ι
