2452 4186
1054 294 1170 353 ¹07

286 459 545 539 Semper
584 461 913 520 anhelabat
951 482 1072 537 quo
1121 472 1223 521 tua
1262 463 1403 531 vita,
1432 462 1658 521 locum:

209 544 377 619 Quod
417 556 624 605 tamen
658 547 820 604 haud
860 548 1094 623 pridem
1143 547 1301 606 caris
1343 556 1584 624 ereptus
1626 551 1860 622 amicis,

280 637 480 708 Atque
520 632 648 689 illis
694 647 999 706 nunquam
1042 632 1504 708 conspiciendus
1550 635 1722 706 abes,

206 715 502 777 Solvimur
543 717 607 774 in
650 716 957 777 lacrimas.
1004 717 1237 777 Omnes
1286 726 1391 775 tua
1433 718 1611 795 signa
1648 721 1863 793 secuti,

279 803 359 861 Et
401 801 734 860 commilitii
771 811 1022 862 strenua
1062 803 1335 860 membra
1375 802 1485 875 tui,

203 890 320 946 Aut
358 906 690 946 memorem
735 888 904 945 clara
943 895 1243 946 testantur
1291 905 1441 946 voce
1488 888 1782 964 dolorem,

277 977 403 1031 Aut
451 979 766 1031 contracta
808 972 966 1031 notis
1010 972 1285 1032 tristibus
1330 992 1438 1031 ora
1487 983 1722 1050 gerunt.

206 1054 422 1117 Sebam
469 1065 705 1116 matura
749 1057 1059 1117 solverunt
1099 1058 1229 1115 fata
1272 1066 1547 1117 senecta:

278 1142 554 1220 Longius
597 1151 695 1201 ast
737 1142 913 1202 nobis
961 1140 1125 1201 Seba
1168 1142 1460 1201 fruendus
1511 1152 1659 1201 erat.

204 1225 519 1304 Excipitur
563 1225 761 1287 Sebae
808 1228 1086 1304 cognatis
1131 1228 1379 1302 spiritus
1423 1228 1634 1286 astrist

279 1316 397 1372 Ast
445 1311 645 1373 Sebae
690 1313 755 1369 in
796 1312 976 1371 terris
1022 1312 1168 1370 utile
1206 1321 1419 1388 pectus
1468 1324 1615 1372 erat.

203 1395 335 1455 Non
380 1397 557 1455 caelo
603 1397 936 1456 admissum
981 1397 1151 1471 (quid
1195 1397 1356 1454 enim
1401 1396 1639 1456 felicius
1684 1397 1857 1475 illo?)

283 1480 406 1542 Sed
450 1490 649 1540 terrae
691 1490 961 1558 ereptum
1003 1482 1235 1539 femina
1281 1482 1489 1555 virque
1528 1482 1749 1541 dolent.

203 1566 308 1625 Est
350 1567 580 1641 aliquid
619 1567 843 1644 longae
886 1568 1067 1625 finem
1112 1567 1469 1643 promittere
1515 1567 1696 1639 vitae,

279 1652 358 1709 Et
397 1652 544 1709 dare
585 1652 898 1711 discessus
944 1653 1204 1729 pignora
1246 1660 1412 1709 certa
1459 1652 1576 1724 sui,

206 1736 397 1811 Quum
434 1738 671 1796 sensim
717 1738 986 1795 moriens
1030 1737 1239 1796 senior
1280 1737 1635 1814 longaevus,
1675 1736 1885 1795 amicis

283 1823 680 1881 Moerendum
720 1822 942 1897 linquit
985 1830 1126 1897 post
1172 1841 1286 1880 sua
1328 1823 1458 1879 fata
1496 1821 1670 1892 nihil,

203 1907 278 1966 Et
321 1907 639 1966 moriendo
682 1908 900 1983 magis,
946 1926 1125 1983 quam
1169 1915 1436 1965 mortuus
1487 1906 1674 1963 afficit
1712 1906 1879 1965 illos.

280 1991 442 2050 Nam
486 1992 739 2069 longum
782 1992 1017 2050 senium
1065 1991 1298 2050 funeris
1341 1993 1535 2050 instar
1576 1991 1774 2049 habet.

207 2076 349 2152 Quis
388 2085 593 2136 tamen
630 2077 692 2135 in
722 2086 980 2154 patrem,
1008 2096 1185 2151 quem
1218 2096 1455 2137 summa
1481 2085 1728 2136 senecta
1750 2076 2027 2150 resolvit,

280 2163 554 2239 Impendi
594 2163 880 2223 lacrimas
922 2163 1074 2233 iure,
1119 2180 1343 2239 negare
1378 2162 1625 2239 potest?

204 2245 432 2306 Vixerit
476 2249 846 2320 innumeros,
892 2247 1166 2321 aequarit
1214 2246 1525 2319 Nestoris,
1570 2265 1790 2319 annos,

285 2332 561 2410 Implerit
607 2333 767 2391 vitae
805 2342 1087 2409 tempora
1127 2332 1317 2409 longa
1356 2352 1531 2391 suae:

206 2415 564 2476 Immaturus
609 2418 756 2476 obit.
805 2417 1063 2475 Pietatis
1106 2417 1260 2489 iura,
1307 2426 1623 2491 parentum

281 2502 425 2562 Non
471 2504 656 2575 vitae,
703 2503 973 2561 lacrimis
1019 2521 1143 2559 non
1169 2520 1453 2578 posuere
1495 2501 1756 2559 modum.

203 2583 417 2647 Nullus
462 2597 530 2645 ut
570 2587 823 2664 optandi
866 2588 1206 2664 longaevae
1250 2595 1519 2661 tempora
1562 2586 1744 2657 vitae,

285 2671 381 2732 Sic
424 2672 628 2732 nullus
668 2672 854 2730 flendi
894 2673 1112 2729 funera
1152 2672 1293 2729 finis
1339 2671 1532 2729 adest.

207 2755 395 2830 Quum
431 2767 559 2830 tua,
603 2776 837 2816 summe
882 2757 1098 2829 virum,
1146 2758 1342 2831 pietas
1393 2756 1681 2834 exegerit,
1723 2764 1790 2811 ut
1834 2761 1924 2834 te·

281 2841 619 2902 Possemus
658 2842 804 2900 iusti
845 2843 1035 2917 patris
1083 2842 1312 2900 habere
1348 2841 1513 2913 loco,

208 2924 350 2999 Quis
394 2937 642 2987 nostras
685 2927 933 2985 damnet
974 2927 1305 2986 lacrimas?
1352 2927 1488 3002 quis
1528 2927 1673 2984 flere
1710 2932 2024 3002 parentem

284 3010 785 3090 Intempestivum
827 3010 1050 3070 dixerit
1091 3011 1402 3071 officium?

208 3089 410 3155 Stabat
457 3097 910 3173 olympiadum,
953 3097 1174 3168 fateor,
1211 3096 1334 3154 iam
1380 3103 1543 3154 meta
1579 3103 1842 3167 tuarum,

283 3184 478 3257 Atque
522 3182 619 3241 bis
670 3182 1023 3240 undecimae
1061 3182 1276 3240 tertius
1320 3198 1518 3239 annus
1563 3188 1712 3251 erat,

206 3262 444 3324 Emeriti
491 3266 733 3342 quando
771 3276 833 3324 te
875 3276 1023 3344 post
1060 3266 1371 3342 stipendia
1406 3283 1619 3324 cursus

286 3348 647 3429 Composuit
688 3352 931 3428 placido
973 3353 1094 3410 fine
1127 3352 1309 3409 beata
1359 3351 1564 3425 quies3

209 3430 469 3506 Qualiter
507 3437 777 3495 autumni
819 3446 995 3495 cocto
1042 3435 1330 3494 flaventia
1368 3452 1551 3494 succo

283 3519 555 3580 Pendula
589 3540 771 3598 poma
814 3541 927 3582 suo
971 3520 1241 3597 pondere
1271 3520 1442 3579 fessa
1490 3519 1729 3578 cadunt.
