2452 4186
1154 313 1191 371 6

266 491 430 552 Nam
469 489 580 547 tibi
620 487 763 544 licet
801 485 1007 544 omnia

357 576 549 647 Scire,
593 592 711 647 quo
758 571 889 629 sine
930 569 1017 626 nil
1053 567 1264 625 Venus

355 662 577 730 Audet,
615 657 786 714 irrita
829 662 972 713 sunt
1004 659 1243 730 patrum

356 749 541 816 Vota,
581 736 668 800 nil
704 740 846 798 fidei
890 739 1094 798 valent

359 831 548 893 Sacra
582 836 763 904 pacta
800 825 1072 882 maritae.

275 919 389 980 Cui
435 916 600 992 capis
641 912 775 969 leve
818 905 1202 967 flammeum?

359 1004 614 1061 Pineam
655 995 918 1054 faculam
961 989 1202 1070 quatis?

363 1088 537 1163 Quae
580 1082 786 1160 puella
823 1088 909 1138 tot
957 1079 1221 1157 ignibUS‚

363 1173 517 1248 Quis
567 1174 655 1227 tot
693 1168 769 1225 ah
796 1165 1052 1225 iuvenis
1090 1165 1285 1218 meret

362 1255 774 1335 Apparatibus
817 1250 953 1308 uri?

282 1344 466 1419 Quod
505 1361 619 1419 par
660 1336 812 1396 illud
857 1331 1208 1399 amantium,

367 1429 536 1504 Quos
585 1432 800 1502 potens
859 1417 1118 1478 Veneris
1165 1412 1293 1472 suis

365 1513 655 1573 Destinat
695 1526 847 1584 puer
881 1499 1143 1562 ictibus?

372 1599 527 1674 Quis
569 1593 770 1672 perire
814 1590 1044 1647 dicatus
1096 1582 1229 1641 est?

372 1684 510 1759 Qua
551 1678 750 1757 perire
803 1671 1062 1752 sagitta?

288 1769 412 1831 Sed
457 1766 600 1843 quid
646 1761 826 1822 obvia
869 1750 1257 1836 quaerimus?

373 1856 532 1914 Ecce
578 1848 742 1927 quod
784 1846 1030 1922 petitur,
1075 1837 1280 1916 palam
1327 1838 1443 1891 est.

376 1942 613 2017 Agmen
655 1933 821 1990 illico
864 1931 1002 1987 dum
1044 1927 1258 1998 loquor

379 2023 630 2101 Strigat‚
680 2026 740 2076 et
776 2014 1032 2076 Veneris
1078 2015 1242 2066 rotas

376 2112 611 2185 Pompa
649 2105 811 2164 sistit
851 2103 1130 2159 eburnas.

291 2199 541 2270 Iamque
583 2188 938 2250 Dousiadae
983 2184 1228 2241 domum
1325 2185 1331 2190 ’

382 2278 712 2355 Hospitum
760 2275 972 2332 chorus
1021 2264 1288 2333 obsidet;

379 2367 595 2439 Deque
633 2361 812 2437 plebe
859 2352 1224 2432 Cupidinum

380 2449 707 2525 Penniger‚
754 2442 978 2501 monitu
1022 2437 1219 2506 Deae,

381 2536 598 2597 Pulsat
641 2532 803 2590 ostia
845 2527 1085 2588 Cursor.

298 2623 593 2683 Panditur
635 2618 863 2674 domus.
906 2608 1104 2670 influit

383 2707 616 2783 Vulgus
665 2720 864 2760 omne.
914 2696 1220 2757 silentium

389 2792 693 2853 Collocata
733 2784 1037 2862 tapetibus

385 2878 548 2937 Diva
587 2874 830 2932 nutibus
872 2870 1148 2942 imperat.

388 2964 548 3023 Infit.
577 2979 700 3029 ,ore
733 2958 987 3014 favetur.

304 3048 523 3109 Dousii
566 3043 804 3124 generis
848 3041 1053 3109 decus,

394 3133 576 3194 Clara
611 3147 785 3204 quem
835 3124 1131 3183 celebrem
1173 3119 1326 3176 facit

393 3215 626 3277 Inclitis
673 3212 867 3271 atavis
909 3210 1148 3279 domm,

365 3302 630 3364 -Clarior
669 3297 883 3358 studiis
925 3302 1149 3364 tamen,

396 3388 763 3459 Artibusque
807 3381 1116 3439 Minervae
1136 3397 1152 3447 3

310 3474 454 3535 Non
492 3470 639 3529 mihi
673 3469 825 3526 libet
864 3464 1114 3523 aedibus

399 3557 690 3618 Intulisse
734 3552 953 3630 pedem
997 3549 1143 3619 tuis,
