2452 4186
1096 304 1168 362 15

234 474 428 532 Eludis
477 474 651 551 digiti
686 473 1035 548 impetentis
1078 474 1293 532 ictum:

234 559 307 618 Ut
350 559 579 635 campis
623 577 779 633 equa
814 558 993 615 trima
1038 558 1193 616 ludit
1235 558 1377 616 olim

231 644 401 703 Motis
446 662 593 702 aera
634 642 901 702 calcibus
945 643 1280 702 lacessens.

232 734 321 787 An
359 729 519 804 quod
565 728 803 805 legibus
851 728 1133 787 omnibus
1173 728 1434 799 solutus,

231 814 527 872 Puellaria
569 815 840 871 membra
886 813 1266 890 pervagatis,

234 899 421 974 Usque
471 897 757 975 Cypridis
804 898 880 956 ad
920 899 1101 957 beata
1141 918 1352 975 regna,

233 985 471 1060 Impune
513 983 834 1043 insinuans
879 984 1106 1042 amoris
1155 984 1300 1042 almi

232 1067 482 1128 Secretis
528 1068 751 1145 adytis,
792 1087 1149 1143 sacrumque
1186 1069 1372 1126 limen

232 1155 543 1226 Insistens,
589 1153 752 1228 quod
788 1155 864 1211 ab
900 1153 1180 1212 omnibus
1228 1152 1505 1230 profanis
1551 1208 1554 1215 .

231 1238 295 1296 Et
328 1239 499 1315 tangi
541 1239 763 1311 scelus,
811 1246 873 1296 et
917 1238 1089 1297 nefas
1137 1238 1369 1296 videri?

236 1323 334 1381 Hic
374 1332 443 1381 tu
485 1324 711 1381 ianitor
755 1325 1046 1395 excubas,
1096 1331 1157 1380 et
1198 1324 1397 1398 ipsam

231 1411 457 1466 Aureae
504 1408 760 1465 Veneris
807 1409 992 1467 tueris
1041 1427 1228 1466 aram.

232 1494 416 1567 Quam
460 1502 671 1551 sancte
716 1492 827 1550 tibi
867 1493 1114 1550 tradidit
1150 1492 1437 1550 tuendam

229 1577 296 1635 Et
328 1579 538 1636 ridens
584 1578 817 1651 VenuS,
865 1586 924 1636 et
965 1598 1120 1654 puer
1163 1576 1414 1653 Cupido,

230 1662 383 1721 Tene
429 1671 780 1739 propterea,
833 1684 868 1721 o
916 1671 1170 1722 venuste
1215 1662 1435 1733 Pulex,

231 1747 384 1806 Tene
430 1766 771 1824 prosequar
812 1768 997 1805 aurea
1037 1748 1331 1806 camena}>

231 1832 388 1890 Tene
437 1834 555 1892 hoc
598 1833 840 1891 nomine
883 1834 1229 1909 praedicem
1273 1834 1539 1901 beatum,

229 1916 509 1976 Pulicelle
555 1918 749 1995 niger,
794 1918 1015 1995 nigelle
1056 1918 1298 1976 Pulex?

230 2000 389 2061 Non:
439 2003 547 2061 sed
590 2003 753 2076 quod
799 2003 987 2061 nimio
1035 2012 1138 2062 tuo
1186 2003 1398 2079 lepore

231 2086 336 2146 Tot
384 2088 558 2147 solus
603 2088 755 2147 facis
800 2097 862 2146 et
903 2088 1071 2166 paris
1122 2088 1369 2159 Poetae,

234 2173 495 2246 Quorum
538 2174 841 2247 cantibus,
886 2193 1229 2249 aureaeque
1270 2174 1515 2250 linguae

229 2258 392 2316 Vena
438 2259 644 2331 divite,
688 2260 964 2318 versibus
1014 2259 1279 2331 canoriS,

230 2342 589 2402 Immortalis
635 2344 778 2416 eris,
823 2345 1041 2420 diuque
1086 2345 1275 2402 vives.

228 2424 383 2485 Nam
422 2429 581 2498 dum,
623 2429 853 2504 pumile
892 2430 1192 2506 pumilille
1235 2427 1454 2500 Pulex,

230 2511 457 2571 Haeres
499 2512 802 2590 pendulus
847 2514 909 2572 in
957 2515 1092 2573 sinu
1138 2513 1384 2590 puellae

230 2595 437 2656 Novus
481 2598 761 2676 Pegasus
804 2599 865 2656 in
910 2620 1071 2658 nova
1114 2599 1532 2675 Hippocrene,

230 2681 278 2739 E
323 2702 528 2743 morsu
571 2692 701 2756 tuo,
748 2692 813 2741 ut
853 2684 1081 2762 ungula
1124 2704 1203 2742 ex
1251 2682 1490 2757 equina,

230 2765 554 2826 Fluxerunt
594 2768 807 2826 latices
848 2768 1104 2842 Poetici,
1154 2770 1292 2826 dein

231 2851 345 2911 Tot
382 2862 522 2911 sunt
560 2854 828 2912 carmina
873 2863 1037 2927 nata,
1085 2863 1175 2913 tot
1214 2854 1467 2912 Poetae.

233 3020 284 3078 7.
376 3022 588 3081 Catulli
623 3023 1085 3099 hendecasyllabi
1131 3023 1225 3079 De
1266 3023 1443 3081 Acme
1492 3033 1547 3081 et
1597 3022 1874 3098 Septimio
1913 3022 2050 3099 [45]

752 3110 1008 3166 versibus
1053 3109 1222 3183 elegis
1268 3111 1537 3184 expressi.

231 3193 454 3249 Acmen
503 3190 836 3269 Septimius
880 3202 1125 3250 teneros
1172 3194 1523 3269 complexus
1570 3211 1823 3263 amoreS,

311 3276 366 3335 O
403 3279 614 3359 Acme,
663 3298 800 3336 mea
849 3279 980 3349 lux,
1035 3277 1436 3352 deliciumque
1485 3296 1708 3349 meum,

231 3357 310 3417 Ni
352 3362 571 3421 misere
614 3371 697 3436 te,
740 3363 914 3437 dixit,
964 3382 1121 3435 am0,
1166 3363 1231 3420 ni
1275 3364 1508 3439 perdite
1557 3381 1761 3421 amare

312 3445 607 3524 Discupio
655 3449 814 3507 vitae
859 3456 1097 3524 tempus
1144 3449 1207 3505 in
1253 3467 1428 3505 omne
1472 3468 1665 3521 meae,

236 3529 534 3608 Quantum
579 3533 681 3607 qui
724 3534 888 3610 potis
929 3541 1023 3592 est
1062 3533 1279 3610 capitis
1324 3534 1646 3592 discrimen
1691 3531 1880 3603 adire,
