2452 4186
1214 293 1340 353 330

376 460 476 520 Ul.
564 462 646 519 At
686 480 799 538 ego
845 461 1085 518 interim
1128 463 1410 537 praedico
1447 463 1744 521 Teucrum
1781 465 1844 522 in
1882 473 2196 541 posterum

379 545 642 603 Tantum
688 554 965 622 paratum
1011 566 1216 605 amare
1261 568 1379 620 me,
1419 557 1707 623 quantum
1751 549 2020 608 oderam.

378 632 698 707 Meamque
744 650 923 707 opem
965 632 1070 690 isti
1108 634 1444 691 funerando
1493 634 1823 706 conferam,

377 717 580 773 Meum
620 716 926 775 laborem:
976 718 1180 792 nilque
1223 720 1521 791 omittam,
1564 720 1725 794 quod
1765 720 1911 779 viris

224 795 359 848 1380
375 800 703 860 Praestare
752 810 1002 859 cunctos
1050 803 1304 860 addecet
1345 804 1737 863 fortissumis.

376 886 526 943 Teu.
616 885 934 945 Generose
966 887 1214 963 Ulysse‚
1270 897 1330 946 et
1372 890 1579 946 omnia
1621 891 1770 946 haec
1816 890 1972 947 dixti
2011 892 2196 964 bene,

374 972 453 1028 Et
495 971 697 1043 laude,
747 990 1089 1047 quanquam
1131 991 1229 1029 me
1272 973 1550 1032 fefellisti
1595 975 1748 1051 spei.

373 1055 534 1113 Nam
581 1057 682 1130 qui
729 1057 866 1113 huic
886 1057 1183 1115 Achivum
1215 1058 1359 1115 olim
1390 1060 1659 1117 omnium
1692 1060 2198 1134 inimicissumus,

375 1141 590 1199 Iuvisti
635 1142 827 1198 amice
871 1142 1041 1200 solus
1088 1143 1268 1214 hunc,
1311 1153 1371 1201 et
1406 1153 1646 1203 mortuo

227 1223 361 1277 1385
383 1226 576 1283 Vivus
624 1227 847 1283 iacenti
889 1227 1135 1284 noluisti
1179 1228 1457 1300 illudere,

381 1311 464 1370 Ut
504 1311 608 1368 ille
648 1330 857 1371 vecors
900 1312 1257 1388 imperator,
1308 1332 1380 1370 ac
1422 1314 1606 1371 levist

378 1397 546 1472 Ipse,
593 1397 861 1472 inquam,
902 1406 962 1454 et
1001 1398 1155 1455 alter
1193 1399 1403 1469 frater,
1445 1399 1616 1455 illum
1659 1398 1880 1473 proiici

382 1480 679 1541 Studuere
718 1482 1107 1540 lacerandum
1153 1484 1547 1559 insepultum,
1588 1483 1981 1541 inconditum.

379 1566 496 1639 Qui
541 1566 686 1625 illos
731 1567 982 1644 Olympi
1029 1576 1229 1627 rector
1273 1568 1451 1626 huius
1495 1568 1766 1643 Iuppiter

227 1647 359 1700 1390
378 1651 689 1727 Diraeque
733 1671 1059 1724 memores,
1103 1661 1282 1727 atque
1325 1655 1549 1727 perfica
1590 1653 1759 1725 ultio,

374 1736 796 1794 Lacerandum
842 1739 928 1794 uti
971 1738 1416 1814 istum'proiici
1460 1739 1762 1796 immerito
1807 1738 2004 1795 virum

379 1820 700 1893 Studuere,
747 1822 835 1879 ita
882 1841 1095 1880 omnes
1137 1824 1423 1899 perduint
1461 1824 1658 1882 malos
1704 1823 1882 1880 male.

379 1905 522 1978 Sed,
565 1927 601 1965 o
642 1927 953 1984 propages
994 1908 1159 1964 clara
1201 1909 1462 1966 Laertae
1509 1909 1697 1980 seniS,

375 1991 521 2050 Non
569 1992 812 2050 siverim
853 2000 911 2048 te
955 1991 1136 2050 funus
1183 1994 1301 2051 hoc
1342 1995 1716 2071 contingere,

225 2073 359 2128 1395
378 2076 462 2136 Ut
498 2075 721 2151 nequid
767 2078 932 2134 axim
970 2086 1208 2136 mortuo
1256 2078 1394 2136 huic
1440 2078 1739 2158 ingratiis.
1785 2081 1804 2100 ⁸

376 2160 545 2233 Quod
592 2169 785 2236 potes,
830 2163 891 2219 in
940 2162 1078 2221 aliis
1127 2182 1243 2222 nos
1288 2165 1449 2222 iuva.
1513 2174 1572 2223 et
1612 2164 1665 2224 si
1710 2181 1887 2238 quem
1937 2162 2200 2220 exerciti

374 2247 690 2304 Abducere
736 2248 939 2306 animo
986 2256 1101 2320 est,
1149 2268 1248 2306 me
1293 2249 1538 2308 lubente
1585 2249 1825 2307 feceris.

374 2332 508 2408 Ego
556 2341 916 2408 apparatum
969 2342 1210 2391 caetera
1250 2336 1372 2393 ibo.
1421 2344 1477 2392 te
1521 2335 1761 2393 interim

374 2417 449 2474 In
500 2436 614 2475 nos
662 2418 856 2476 fuisse
901 2420 1252 2477 memineris
1301 2439 1542 2477 munem
1585 2421 1797 2479 virum.

224 2496 477 2561 1400U1,
546 2501 746 2559 Velim
790 2504 1050 2577 quidem.
1096 2512 1159 2561 at
1204 2505 1259 2562 si
1304 2507 1507 2563 munia
1550 2507 1670 2565 ista
1713 2524 1808 2561 me
1844 2500 2068 2575 exequi

377 2586 518 2644 Tibi
559 2607 682 2645 non
725 2589 980 2645 amicum
1026 2597 1141 2661 est,
1188 2589 1373 2647 laudo
1419 2586 1761 2649 consilium.
1815 2585 1973 2645 vale.
2010 2626 2018 2634 -

374 2671 526 2729 Teu.
610 2670 737 2732 Sat.
784 2682 1016 2748 tempus
1060 2674 1217 2731 enim
1265 2676 1383 2732 iam
1426 2677 1670 2734 multum
1718 2675 1933 2752 agitur.

376 2755 500 2817 Sed
547 2756 773 2815 fossam
820 2777 982 2833 pars,
1021 2759 1127 2829 ite,
1175 2778 1462 2835 capacem

375 2842 714 2917 Properate
755 2862 965 2902 manu:
1010 2863 1153 2919 pars
1201 2845 1395 2920 tripes
1441 2854 1640 2903 autem

376 2927 457 2985 Et
500 2928 854 2986 lustralibus
897 2928 1073 2986 undis
1122 2930 1391 3005 tepidum

375 3012 597 3070 Ponite
634 3013 898 3071 labrum:
944 3032 1085 3088 pars
1128 3034 1250 3071 una
1295 3015 1475 3073 domo

376 3097 610 3155 Efferat
653 3098 816 3157 intus
862 3098 994 3155 duri
1040 3099 1310 3176 insignia

376 3186 563 3240 Arma
605 3183 809 3241 duelli.

379 3266 499 3326 Sed
545 3276 628 3339 tu,
673 3275 955 3341 quantum
1002 3277 1206 3344 potes,
1253 3268 1408 3324 alme
1452 3287 1624 3344 puer,

374 3351 621 3410 Patrios
666 3361 832 3411 artus
870 3371 1098 3410 mecum
1147 3353 1489 3428 amplexuS,

375 3436 628 3507 Attolle,
674 3437 827 3495 leva.
873 3458 1130 3513 namque
1173 3438 1407 3497 cruoris

378 3521 667 3583 Salientis
714 3522 908 3579 adhuc
951 3523 1141 3598 tepidi
1185 3523 1343 3581 tullii
