2452 4186
1205 296 1325 357 154

346 460 808 549 Κυμινοκίμβιξ.
850 459 1020 531 Βοῦς
1061 462 1159 525 ἐπὶ
1201 465 1488 545 γλώσσης
1527 458 1662 546 ἔβα.

347 545 856 632 Κυμινοπρίστης.
897 547 1279 631 ΛιμοκίμβιΕ.
1327 546 1541 630 Πῆχυς
1584 544 1689 613 εἷς.

344 631 530 696 Κύων
570 633 720 715 πάρ’
773 630 1118 715 ἐντέροισιν.
1164 632 1454 715 Αὐλητοῦ
1505 630 1652 715 βίος.

345 714 618 780 Κώνωπ’
669 715 958 801 ἐλέφαντι
1002 717 1354 798 συγκρίνεις.
1403 714 1672 781 Διπλοῦς
1716 712 1891 797 ἀνήρ.

345 798 580 884 Κώπην
628 799 904 863 ἐλαύνειν
950 801 1050 863 δεῖ
1092 800 1390 883 μαθόντα.
1440 796 1764 883 Βόκχορις.

346 882 580 970 Κωφὸν
621 884 979 969 πρόσωπον.
1011 882 1094 947 ‘H
1131 885 1297 947 κύων
1346 886 1408 947 ἐν
1457 880 1538 966 τῇ
1588 883 1805 966 φάτνῃ.
1857 900 1860 905 “

345 969 567 1051 Λαγὼς
603 968 949 1032 καθεύδων.
993 970 1315 1032 Δείκνυται
1350 974 1438 1053 τῷ
1484 966 1784 1030 δακτύλω.

345 1054 571 1137 Λάρος.
615 1050 939 1138 Κόροιβος.
986 1051 1479 1137 Μαμμάκουθος.
1525 1028 1875 1134 Μελιτίδης.

347 1138 551 1222 Λάρος
591 1136 835 1221 κέχηνε.
869 1138 1297 1221 Φορμιώνειος
1340 1138 1563 1223 στιβάς.

347 1221 730 1306 Λειβηθρίων
778 1222 1218 1306 ἀμουσότερος.
1246 1220 1493 1305 Ἀμμον
1543 1221 1804 1302 μετρεῖν.

347 1307 585 1390 Λευκὴν
637 1312 814 1390 φυρῶ
866 1308 962 1369 σοὶ
1011 1309 1230 1391 μάζαν.
1266 1305 1425 1369 Ἀπὸ
1469 1306 1669 1389 θήρας
1710 1302 1923 1365 λύκου.

347 1392 746 1455 Λευκώλενον
793 1392 994 1475 κερδὼ
1038 1396 1274 1474 γαμεῖς.
1319 1389 1707 1474 Κλεόκριτος.

349 1475 601 1561 Λίβυσσ’
652 1476 881 1559 ἀηδών.
928 1473 1158 1544 Μάντις
1196 1476 1260 1544 ἐς
1302 1473 1689 1560 Τροφωνίου.

348 1560 535 1622 Λίθον
583 1561 899 1628 κυλίνδεις.
941 1558 1283 1643 Ὀστράκου
1325 1556 1725 1643 περιστροφή.

348 1644 548 1711 Λύκος
591 1644 843 1728 χορεύει
887 1646 1093 1727 πρὸ[ς]
1137 1647 1204 1707 τὸ
1253 1643 1471 1728 φρέαρ.
1497 1639 1678 1709 (Ἀλις
1718 1639 1919 1725 δρυός.

350 1726 453 1811 Μὴ
492 1729 664 1790 παιδὶ
706 1729 813 1810 τὴν
861 1729 1188 1813 μάχαιραν.
1228 1728 1400 1811 Αἰγὶς
1433 1727 1710 1812 «ἔρχεται.
2009 1750 2012 1753 ’

349 1810 583 1882 Μάστιξ
624 1814 946 1896 κεραμικὴ.
996 1810 1118 1895 Τὴν
1168 1815 1421 1896 λεοντῆν
1464 1812 1705 1875 ἐνδύου.

346 1893 604 1981 Μήτρας
651 1896 1192 1982 μεταβλητότερος.
1223 1894 1340 1960 ιἙν
1383 1897 1614 1982 κηρίον.

348 1978 583 2064 Μικρὸν
621 1983 807 2045 κακὸν
861 1981 1004 2064 μέγ’
1046 1983 1302 2064 ἀγαθόν.
1346 1978 1679 2065 ’Ἕρμωνος
1721 1978 1917 2063 χάρις.

346 2062 607 2129 Μισθῶν
657 2067 1012 2151 τραγῳδοὺς
1054 2065 1287 2136 Ἰλιεύς.
1336 2066 1547 2151 Λέριοι
1591 2063 1789 2129 κακοί.

348 2147 706 2236 Μολυβδίνη
755 2152 1048 2236 μάχαιρα.
1097 2148 1412 2237 Βέβληται
1461 2153 1689 2237 βαλών.

346 2230 556 2297 Μόνον
599 2239 839 2318 κρατεῖν
883 2234 1128 2300 θέοντα.
1175 2238 1355 2322 Λιμῷ
1390 2234 1637 2320 Μηλίῳ.

346 2314 576 2388 ΜύΕος.
618 2321 872 2403 Λοκρῶν
924 2318 1222 2405 σύνθημα.
1260 2319 1567 2405 Βουδόρῳ
1617 2319 1809 2402 νόμῳ.

347 2399 486 2471 Μῦς
530 2403 664 2487 ἄρτι
707 2405 927 2487 πίσσης
961 2403 1230 2487 γεύεται.
1270 2403 1522 2490 Χρυσαῖ
1561 2402 1767 2465 πέδαι.

347 2482 883 2572 Μωροκακοήθης.
928 2489 1103 2553 Ἀλλ’
1152 2491 1306 2553 ἕπου
1345 2492 1560 2575 χώρας
1601 2486 1868 2571 τρόποις.

345 2569 867 2657 Ναικισσορεύεις.
911 2572 1370 2659 Χρυσόμαλλον
1413 2574 1768 2659 προβάτιον.

344 2654 480 2719 Νέα
514 2659 803 2741 χελιδών.
848 2657 1155 2742 Τρυγόνος
1197 2661 1572 2742 λαλίστερος.

344 2738 580 2825 Νεκρὸν
630 2743 918 2825 μυρίζειν.
963 2741 1120 2827 Πυρὶ
1163 2745 1233 2806 δὲ
1275 2748 1395 2826 πῦρ
1445 2743 1517 2805 ού
1560 2741 1903 2828 σβέννυται.

344 2822 519 2910 Νικῷ
564 2827 595 2888 ὁ
639 2826 903 2910 κάρρων.
943 2824 1021 2890 Οἱ
1065 2827 1243 2890 λύκοι
1282 2828 1603 2911 κρείσσους
1642 2828 1862 2889 κυνῶν.
1928 2830 2181 2908 [νικῶῖ]

343 2907 557 2992 Νόμος
596 2906 942 2973 Ζαλεύκου.
988 2910 1114 2982 Hb?
1155 2914 1315 2994 ὁμοῦ
1361 2914 1465 2976 καὶ
1504 2917 1593 2997 τῷ
1642 2909 1867 2973 σκέλει.

343 2991 472 3056 Νῦν
524 2995 794 3079 ὀσπρίων
841 2995 1093 3080 ἄμητος.
1135 2994 1448 3080 Ἀμελοῦς
1484 2997 1699 3079 γωνία.

348 3076 571 3161 Ξυρεῖς
610 3080 850 3144 λέοντα.
901 3078 1076 3144 Κύνα
1116 3082 1499 3167 δεδαρμένην
1546 3081 1763 3165 δέρεις.

336 3158 412 3224 ‘O
460 3164 607 3232 Διὸς
644 3162 968 3249 Κόρινθος.
1017 3165 1234 3229 Πολλὰ
1279 3173 1476 3235 ποιεῖς
1516 3167 1577 3237 ἐξ
1626 3165 1783 3232 ἑνός.

333 3241 412 3309 ‘O
461 3251 604 3315 νοῦς
648 3248 708 3310 ἐν
757 3250 901 3331 ἡμῖν
941 3249 1106 3317 θεός.
1147 3250 1541 3335 Ἀνερρίφθω
1587 3249 1794 3336 κύβος.

336 3325 412 3393 ‘O
454 3329 635 3398 πίθος
672 3330 1002 3417 ἄπληστος.
1042 3332 1299 3403 Σικελὸς
1338 3336 1761 3419 ὀμφακίζεται.

336 3411 532 3479 Ὃδοῦ
581 3417 907 3500 πάρεργον.
955 3416 1290 3502 Μεταβολὴ
1335 3421 1578 3482 πάντων
1620 3417 1834 3502 γλυκύ.

345 3495 522 3563 Οἴκοι
558 3501 863 3584 γενοίμην.
902 3499 1066 3564 *Ωτα
1100 3505 1332 3587 γαστὴρ
1378 3503 1491 3566 οὐκ
1533 3502 1684 3589 ἔχει.
