2452 4186
1069 332 1192 392 305

217 500 345 560 Nec
392 501 568 572 dixit,
609 502 793 573 Aiax,
844 519 1030 559 sensa
1068 502 1177 559 sed
1224 502 1445 559 mentis
1494 509 1616 559 tua.

217 587 303 644 Te
348 587 589 661 respice
627 605 799 664 ergo:
848 586 925 643 da
966 586 1159 643 locum
1206 587 1569 659 sententiae,

216 671 365 730 Tuis
413 671 650 743 amicis,
695 679 876 746 atque
923 670 1116 730 missa
1156 673 1309 729 haec
1349 672 1436 730 sis
1483 673 1636 729 face.

215 757 357 814 Tec.
441 754 695 814 Nullum
736 765 851 828 est,
898 757 1043 813 here
1084 757 1272 830 Aiax,
1320 756 1601 816 omnibus
1647 758 2005 818 mortalibus
2047 761 2148 816 485

212 840 625 900 Necessitatis
670 841 908 918 legibus
955 841 1149 899 maius
1192 843 1439 900 malum.

212 928 340 1004 Ego
384 925 628 1001 quidem
673 944 808 984 sum
854 935 1020 983 creta
1063 927 1254 991 libero
1288 937 1484 1004 patre,

212 1012 424 1085 quue
472 1011 618 1082 dite,
667 1011 721 1070 si
765 1012 901 1086 quis
949 1012 1105 1070 alius
1147 1020 1244 1070 est
1283 1013 1613 1091 Phrygum.

212 1096 394 1154 Nunc
434 1096 746 1154 servitutis
786 1097 1140 1172 compotivit
1176 1117 1274 1154 me
1317 1097 1513 1171 Deus,

212 1181 289 1239 Et
333 1189 441 1238 tua
483 1180 763 1238 domitrix
807 1181 1037 1238 dextra.
1084 1190 1403 1258 postquam
1446 1203 1590 1261 ergo
1637 1184 1700 1240 in
1741 1191 1909 1241 tuum

216 1265 430 1325 Cubile
477 1265 757 1336 conveni,
808 1283 886 1323 ex
931 1284 1005 1323 eo
1053 1268 1268 1325 studeo
1311 1269 1439 1325 tibi.

216 1349 387 1423 Quod
430 1352 684 1409 obsecro
729 1359 789 1407 te
825 1368 1052 1427 perque
1098 1371 1471 1411 communem
1518 1353 1728 1425 larem,

217 1434 584 1509 Sociumque
629 1436 872 1508 lectum,
917 1437 980 1492 in
1024 1456 1200 1510 quem
1248 1446 1494 1513 optume
1538 1439 1952 1510 convenimus,

213 1520 332 1592 Ne,
390 1521 530 1577 dum
575 1540 672 1578 me
714 1521 938 1595 iniquis
986 1522 1176 1580 tradis
1226 1523 1290 1579 in
1335 1542 1579 1580 manum
1620 1523 1761 1591 tuis,

218 1605 565 1677 Committe,
611 1614 676 1662 ut
724 1606 801 1663 iis
846 1606 1135 1663 infamiae
1180 1608 1243 1664 in
1289 1625 1511 1667 caussa
1552 1608 1737 1667 fuam.

217 1689 281 1751 Si
329 1690 604 1762 moreris,
649 1709 719 1747 ac
760 1710 875 1749 nos
924 1700 1118 1750 morte
1163 1693 1443 1752 destituis
1489 1701 1614 1764 tua,

216 1776 392 1832 Ilicet
436 1776 644 1832 eodem
693 1784 929 1850 raptam
971 1778 1046 1834 ab
1094 1779 1338 1854 Argivis
1380 1779 1495 1851 die,

217 1861 640 1934 Tractamque,
688 1879 903 1934 meque
937 1862 1373 1937 parvolumque
1412 1862 1639 1934 diriter,

214 1945 601 2005 Famularum
644 1945 722 2002 ad
763 1965 948 2003 unum
997 1948 1215 2024 degere
1257 1957 1519 2006 aetatem
1569 1954 1831 2004 autuma.

216 2031 509 2090 Oratione
553 2039 680 2088 tum
727 2032 862 2105 quis
908 2033 1168 2090 incilans
1213 2034 1410 2092 malus

213 2116 520 2196 Dominus
567 2135 794 2189 amara,
836 2119 1091 2195 aspicite
1137 2121 1472 2196 coniugem,
1519 2118 1770 2192 inquiet,

212 2202 444 2273 Aiacis,
482 2202 772 2278 Argivum
821 2204 1087 2260 omnium
1131 2204 1487 2274 fortissumi,

217 2287 391 2362 Quae
436 2287 726 2344 servitute
765 2288 957 2361 quale·
992 2290 1246 2346 mutavit
1284 2290 1467 2346 decus
1490 2287 1518 2343 Ρ

216 2372 388 2429 Haec
434 2372 592 2429 dicet
635 2372 877 2446 aliquis.
925 2391 1022 2429 me
1063 2373 1299 2447 quidem
1346 2374 1614 2438 incesset
1656 2368 1845 2427 Deus.

215 2457 546 2515 Inhonesta
585 2476 730 2515 vero
775 2458 926 2514 haec
971 2466 1031 2514 et
1071 2458 1178 2516 tibi
1228 2465 1288 2514 et
1332 2457 1451 2515 tuis
1498 2462 1690 2511 erunt.

217 2540 338 2602 Sed
382 2550 731 2599 revereatur
775 2551 833 2599 te
878 2543 1090 2618 patris,
1133 2562 1310 2617 quem
1356 2542 1419 2599 in
1466 2540 1629 2597 exita

214 2629 436 2685 Aetate
487 2627 743 2701 linquis:
786 2628 893 2686 sed
942 2629 1021 2686 sit
1057 2636 1118 2684 et
1159 2628 1400 2702 quidem
1446 2626 1642 2702 pudor

215 2712 504 2770 Parentis
547 2712 725 2770 annis
771 2713 1025 2785 obsitae,
1074 2733 1230 2790 quae
1275 2712 1522 2788 saepius

214 2797 442 2855 Redire
486 2805 545 2854 te
591 2805 759 2872 optat
798 2798 1000 2856 vivum
1043 2807 1103 2856 et
1142 2797 1510 2856 incolumem
1554 2795 1817 2852 domum.

214 2882 509 2940 Miserere
556 2884 720 2959 gnati
764 2884 1038 2959 parvoli:
1088 2883 1383 2958 siquidem
1430 2882 1562 2940 cibo

216 2966 449 3026 cassus
493 2967 738 3024 novello
779 2976 839 3025 te
880 2969 1013 3026 sine
1058 2976 1319 3026 aetatem
1368 2968 1573 3043 exiget

213 3052 299 3111 Ut
342 3052 552 3123 orbus,
592 3060 654 3108 at
695 3072 820 3110 non
863 3072 1057 3111 caruS.
1102 3055 1178 3110 oh
1223 3054 1465 3127 quantis
1512 3049 1713 3120 malis,

216 3136 285 3198 Si
324 3137 606 3208 moreris,
650 3137 844 3211 illum,
890 3157 1105 3214 meque
1149 3147 1494 3214 compotem
1540 3135 1724 3192 facis!

215 3222 307 3279 Te
350 3229 593 3297 praeter
640 3219 804 3279 aliud
839 3224 1133 3299 praesidii
1169 3222 1255 3280 nil
1300 3224 1593 3298 reliquum

213 3306 433 3364 Video.
472 3314 578 3363 tua
621 3327 760 3365 nam
804 3309 1005 3384 patria
1048 3308 1251 3365 deleta
1294 3317 1390 3367 est
1431 3325 1635 3375 manu,

219 3389 651 3467 Genitrixque:
693 3394 926 3470 genitor
973 3394 1193 3452 occidit
1234 3393 1357 3451 fato
1399 3411 1527 3463 suc,

217 3476 296 3533 Et
334 3476 662 3535 mortuales
705 3479 973 3536 incolunt
1018 3479 1161 3538 Orci
1203 3478 1433 3536 domus.

184 3639 187 3642 Ἴ
221 3558 412 3633 Quam
452 3579 686 3637 quaeso
731 3563 963 3623 dulcem
1012 3582 1356 3641 comparem
1399 3559 1654 3704 Ραῐιὲίδιῐι
1697 3557 1849 3617 tibi?

2045 1194 2151 1247 490

2044 1602 2145 1655 495

2045 2032 2149 2085 500

2019 2541 2026 2558 Ἰ
2043 2463 2145 2514 505

2043 2886 2146 2939 510

2041 3313 2144 3365 515
