2452 4186
1255 297 1334 356 32

469 463 536 525 Si
578 473 840 523 mentem
892 463 1137 539 capiunt
1183 465 1294 523 illa
1330 466 1426 524 vel
1468 466 1576 524 illa
1618 475 1800 524 tuam.

380 550 578 622 Felix,
622 550 725 626 qui
763 549 995 607 faciles⁴
1025 550 1292 609 traducis
1337 560 1575 626 pectore
1618 571 1826 622 curas3

470 635 734 710 Otiaque
775 635 837 692 in
882 641 1092 691 tenera
1134 644 1347 693 sancta
1390 636 1590 712 quiete
1636 636 1801 695 colis2

383 720 628 778 Vivacis
675 720 770 776 cui
812 719 974 776 dona
1013 720 1348 778 indelibata
1397 728 1680 781 senectae

467 803 738 880 Spondet
773 804 1075 862 inoffenso
1119 814 1313 863 tracta
1353 814 1559 863 tenore
1600 806 1786 864 salus.

383 891 578 966 Quem
621 909 743 947 non
791 889 917 945 ulla
959 891 1116 957 malo
1161 890 1335 948 labes
1384 891 1638 948 tentavit
1680 900 1879 964 acut0.,

468 974 617 1032 Non
656 974 782 1031 ulla
824 975 1055 1032 afflavit
1093 976 1186 1033 vis
1228 975 1475 1032 inimica
1517 976 1680 1033 mali.

381 1064 464 1118 At
508 1060 656 1116 mihi
694 1068 1052 1134 perpetuum
1099 1060 1477 1119 mordacibus
1524 1061 1712 1117 anxia
1751 1062 1935 1132 curiS‚

466 1143 604 1201 Nec
649 1144 783 1202 sine
830 1144 1091 1201 sollicito
1132 1146 1367 1202 ducitur
1414 1146 1568 1203 hora
1612 1154 1802 1203 metu:

383 1227 577 1302 Quem
623 1238 893 1287 monstro
932 1241 1228 1305 prognata
1266 1230 1422 1300 lues,
1474 1249 1627 1303 quae
1665 1230 1857 1288 limite
1903 1240 2069 1290 certo

472 1313 742 1386 Quatuor
786 1314 1048 1372 alternos
1097 1315 1260 1390 itque
1305 1314 1576 1388 reditque
1622 1315 1775 1386 dies,

385 1400 669 1471 obsidet,
717 1407 777 1457 et
816 1400 1000 1456 tacita
1034 1400 1364 1475 populatur
1408 1407 1579 1474 peste
1623 1400 1940 1457 medullas.

469 1484 591 1541 Hei
636 1484 805 1555 mihi,
853 1484 1011 1557 quod
1047 1485 1350 1558 loquimur
1394 1486 1580 1542 verba
1620 1486 1850 1542 minora
1889 1486 2081 1544 malo!

384 1569 520 1626 Nec
562 1576 819 1643 possunt
859 1569 1016 1644 elegi
1057 1570 1212 1626 vivis
1263 1588 1603 1645 proponere
1644 1578 1880 1646 pestem

471 1652 790 1713 Sensibus.
837 1653 1161 1728 altiloquae
1204 1671 1305 1711 res
1352 1661 1482 1710 erat
1527 1654 1647 1712 ista
1680 1655 1870 1731 lyrae.

387 1737 490 1798 Sic
532 1756 629 1794 me
667 1737 802 1793 iniit
837 1738 1083 1808 victrix3
1134 1738 1222 1798 sic
1266 1757 1363 1794 me
1402 1738 1682 1812 spoliavit
1728 1740 2053 1798 inermem:

472 1821 575 1882 Sic
622 1822 695 1878 de
739 1841 836 1879 me
881 1823 1064 1881 celsis
1106 1824 1231 1880 alta
1263 1823 1593 1899 triumphat
1636 1826 1827 1898 equis.

385 1907 519 1967 Nec
560 1908 708 1964 mihi
749 1908 1059 1965 sufficiunt
1098 1916 1335 1966 veteres
1374 1908 1439 1964 iu
1485 1927 1729 1984 corpore
1774 1911 1972 1968 vires:

470 1991 607 2049 Nec
649 2011 762 2067 pes
806 2012 1021 2052 munus
1071 1995 1216 2065 obit,
1263 2010 1376 2049 nec
1419 2013 1634 2051 manus
1679 1994 1805 2051 ulla
1847 2013 2041 2052 suum.

388 2078 512 2140 Sed
556 2097 710 2150 sum,
758 2078 913 2153 quod
956 2079 1150 2137 ventis
1196 2077 1376 2136 debet
1415 2078 1677 2137 ludibria
1714 2078 1980 2156 pondus3

466 2164 546 2221 Et
591 2163 746 2238 quod
794 2181 948 2221 onus
994 2165 1206 2238 primis
1256 2164 1498 2222 flatibus
1547 2184 1695 2222 aura
1736 2166 1916 2223 levat.

386 2251 485 2307 Me
533 2268 658 2305 non
700 2248 827 2304 ulla
871 2249 1037 2306 iuvat
1079 2247 1352 2308 Cerealis
1405 2249 1601 2326 gratia
1640 2251 1871 2319 foetus;

473 2332 741 2392 Gnossia
783 2352 896 2390 nec
938 2335 1161 2393 veteris
1213 2342 1387 2410 grata
1431 2334 1626 2392 saliva
1668 2336 1838 2391 meri.

389 2419 612 2479 Omnia
658 2418 1023 2476 Cerbereum
1058 2420 1294 2494 spirant
1339 2418 1486 2476 mihi
1525 2419 1717 2476 noxia
1757 2421 1958 2489 virus;

476 2504 701 2564 Omnia
740 2512 881 2561 sunt
922 2505 1013 2562 ori
1055 2505 1196 2561 trita
1236 2523 1473 2561 venena
1510 2523 1667 2561 meo.

388 2589 547 2663 Quid
584 2590 790 2646 ieiuna
834 2590 1044 2663 loquar
1088 2589 1261 2647 diluti
1305 2590 1508 2646 taedia
1551 2588 1809 2665 gustus?

474 2675 717 2748 Oraque
760 2693 881 2731 non
922 2693 1185 2748 unquam
1236 2675 1400 2732 sicca
1438 2675 1670 2748 liquore
1721 2671 1869 2731 suo?

388 2760 546 2833 Quid
584 2760 914 2817 matutinae
953 2760 1199 2818 fastidia
1240 2759 1409 2816 lenta
1457 2758 1725 2816 salivae?

473 2844 774 2903 Hostibus
819 2846 1058 2902 eveniat
1103 2846 1182 2901 ah
1230 2863 1413 2918 sapor
1456 2844 1560 2900 ille
1591 2843 1779 2900 meis!

389 2928 547 3003 Quid
619 2931 989 2987 stomachum
1056 2947 1304 2986 exesum
1379 2928 1792 3001 stomachique
1861 2928 2197 2986 inamabile

1754 3014 2048 3071 murmur?

460 3071 553 3156 ‘Et
590 3117 895 3172 nunquam
942 3097 1018 3154 ad
1062 3098 1323 3174 gemitus
1364 3106 1611 3174 pectora
1659 3105 1828 3155 muta
1873 3100 2068 3157 suos?

391 3182 542 3242 Cum
583 3185 829 3261 gravior
865 3183 1055 3240 fundo
1102 3183 1354 3242 veniens
1399 3190 1717 3240 exaestuat
1752 3182 1871 3239 imo

479 3267 765 3345 Spiritus,
811 3277 870 3325 et
913 3270 1120 3325 fauces
1165 3269 1355 3326 tussis
1402 3268 1623 3336 anhela
1662 3267 1870 3342 quatit.

392 3354 552 3427 Quid
592 3361 889 3412 nocturna
928 3352 1127 3412 modis
1165 3353 1473 3411 insomnia
1516 3352 1754 3410 turbida
1791 3351 2003 3408 miris?

478 3437 762 3514 Quasque
811 3440 957 3496 mihi
999 3438 1259 3497 intentat
1306 3438 1521 3496 mortis
1565 3438 1763 3514 imago
1807 3435 2051 3495 minas?

391 3526 423 3581 I
469 3543 646 3598 nunc,
693 3543 907 3598 meque
948 3524 1088 3581 iube
1132 3526 1442 3583 Musarum
1486 3540 1846 3598 expromere
1891 3522 2124 3594 foetu8‚
