<?xml version="1.0" encoding="UTF-8"?>
<!DOCTYPE html PUBLIC "-//W3C//DTD XHTML 1.0 Transitional//EN"
    "http://www.w3.org/TR/xhtml1/DTD/xhtml1-transitional.dtd">
<html xmlns="http://www.w3.org/1999/xhtml" xml:lang="en" lang="en">
 <head>
  <title>
</title>
<meta http-equiv="Content-Type" content="text/html;charset=utf-8" />
  <meta name='ocr-system' content='tesseract 3.04.00' />
  <meta name='ocr-capabilities' content='ocr_page ocr_carea ocr_par ocr_line ocrx_word'/>
</head>
<body>
  <div class='ocr_page' id='page_1' title='image "./iosephiscaliger02scalgoog/iosephiscaliger02scalgoog_0039.png"; bbox 0 0 2452 4186; ppageno 0'>
   <div class='ocr_carea' id='block_1_1' title="bbox 1103 303 1181 362">
    <p class='ocr_par' dir='ltr' id='par_1_1' title="bbox 1103 303 1181 362">
     <span class='ocr_line' id='line_1_1' title="bbox 1103 303 1181 362; baseline -0.026 0"><span class='ocrx_word' id='word_1_1' title='bbox 1103 303 1181 362; x_wconf 86' lang='lat'><strong>37</strong></span> 
     </span>
    </p>
   </div>
   <div class='ocr_carea' id='block_1_2' title="bbox 991 389 1292 396">
    <p class='ocr_par' dir='ltr' id='par_1_2' title="bbox 991 389 1292 396">
     <span class='ocr_line' id='line_1_2' title="bbox 991 389 1292 396; baseline 0 0"><span class='ocrx_word' id='word_1_2' title='bbox 991 389 1292 396; x_wconf 95' lang='lat' dir='ltr'><strong> </strong></span> 
     </span>
    </p>
   </div>
   <div class='ocr_carea' id='block_1_3' title="bbox 226 469 1806 2840">
    <p class='ocr_par' dir='ltr' id='par_1_3' title="bbox 228 469 1560 542">
     <span class='ocr_line' id='line_1_3' title="bbox 228 469 1560 542; baseline 0.001 -14"><span class='ocrx_word' id='word_1_3' title='bbox 228 471 451 528; x_wconf 85' lang='lat' dir='ltr'><strong>Maiore</strong></span> <span class='ocrx_word' id='word_1_4' title='bbox 497 469 683 526; x_wconf 89' lang='lat' dir='ltr'><strong>laude</strong></span> <span class='ocrx_word' id='word_1_5' title='bbox 728 469 941 542; x_wconf 90' lang='lat' dir='ltr'><strong>vincis,</strong></span> <span class='ocrx_word' id='word_1_6' title='bbox 988 489 1059 528; x_wconf 91' lang='lat' dir='ltr'><strong>ac</strong></span> <span class='ocrx_word' id='word_1_7' title='bbox 1105 490 1279 530; x_wconf 85' lang='lat' dir='ltr'><strong>suum</strong></span> <span class='ocrx_word' id='word_1_8' title='bbox 1320 472 1560 529; x_wconf 89' lang='lat' dir='ltr'><strong>tandem</strong></span> 
     </span>
    </p>

    <p class='ocr_par' dir='ltr' id='par_1_4' title="bbox 227 553 1490 629">
     <span class='ocr_line' id='line_1_4' title="bbox 227 553 1490 629; baseline 0.002 -17"><span class='ocrx_word' id='word_1_9' title='bbox 227 555 324 612; x_wconf 89' lang='lat' dir='ltr'><strong>Illi</strong></span> <span class='ocrx_word' id='word_1_10' title='bbox 365 554 719 626; x_wconf 72' lang='lat' dir='ltr'><strong>aufer-ende,</strong></span> <span class='ocrx_word' id='word_1_11' title='bbox 763 553 1034 613; x_wconf 85' lang='lat' dir='ltr'><strong>vindicas</strong></span> <span class='ocrx_word' id='word_1_12' title='bbox 1080 557 1213 629; x_wconf 89' lang='lat' dir='ltr'><strong>tibi,</strong></span> <span class='ocrx_word' id='word_1_13' title='bbox 1258 558 1490 614; x_wconf 91' lang='lat' dir='ltr'><strong>Vatem.</strong></span> 
     </span>
    </p>

    <p class='ocr_par' dir='ltr' id='par_1_5' title="bbox 226 639 1709 803">
     <span class='ocr_line' id='line_1_5' title="bbox 226 639 1709 718; baseline 0.002 -20"><span class='ocrx_word' id='word_1_14' title='bbox 226 639 384 698; x_wconf 88' lang='lat' dir='ltr'><strong>Nam</strong></span> <span class='ocrx_word' id='word_1_15' title='bbox 419 640 580 697; x_wconf 91' lang='lat' dir='ltr'><strong>bene</strong></span> <span class='ocrx_word' id='word_1_16' title='bbox 612 640 831 697; x_wconf 87' lang='lat' dir='ltr'><strong>mereri</strong></span> <span class='ocrx_word' id='word_1_17' title='bbox 875 640 1030 697; x_wconf 86' lang='lat' dir='ltr'><strong>Vate</strong></span> <span class='ocrx_word' id='word_1_18' title='bbox 1076 642 1149 699; x_wconf 93' lang='lat' dir='ltr'><strong>de</strong></span> <span class='ocrx_word' id='word_1_19' title='bbox 1198 661 1327 714; x_wconf 85' lang='lat' dir='ltr'><strong>sue,</strong></span> <span class='ocrx_word' id='word_1_20' title='bbox 1382 661 1560 718; x_wconf 91' lang='lat' dir='ltr'><strong>quem</strong></span> <span class='ocrx_word' id='word_1_21' title='bbox 1597 662 1709 701; x_wconf 90' lang='lat' dir='ltr'><strong>nec</strong></span> 
     </span>
     <span class='ocr_line' id='line_1_6' title="bbox 229 723 1532 803; baseline 0.001 -19"><span class='ocrx_word' id='word_1_22' title='bbox 229 723 491 785; x_wconf 88' lang='lat' dir='ltr'><strong>Servare</strong></span> <span class='ocrx_word' id='word_1_23' title='bbox 537 724 761 800; x_wconf 90' lang='lat' dir='ltr'><strong>potuit,</strong></span> <span class='ocrx_word' id='word_1_24' title='bbox 805 724 937 782; x_wconf 90' lang='lat' dir='ltr'><strong>iure</strong></span> <span class='ocrx_word' id='word_1_25' title='bbox 977 746 1100 784; x_wconf 87' lang='lat' dir='ltr'><strong>non</strong></span> <span class='ocrx_word' id='word_1_26' title='bbox 1142 734 1350 803; x_wconf 89' lang='lat' dir='ltr'><strong>potest</strong></span> <span class='ocrx_word' id='word_1_27' title='bbox 1393 727 1532 785; x_wconf 75' lang='lat' dir='ltr'><strong>ullo·</strong></span> 
     </span>
    </p>

    <p class='ocr_par' dir='ltr' id='par_1_6' title="bbox 228 809 1442 887">
     <span class='ocr_line' id='line_1_7' title="bbox 228 809 1442 887; baseline 0.002 -20"><span class='ocrx_word' id='word_1_28' title='bbox 228 810 396 867; x_wconf 90' lang='lat' dir='ltr'><strong>Tuus</strong></span> <span class='ocrx_word' id='word_1_29' title='bbox 438 818 622 886; x_wconf 88' lang='lat' dir='ltr'><strong>poeta</strong></span> <span class='ocrx_word' id='word_1_30' title='bbox 662 817 755 867; x_wconf 91' lang='lat' dir='ltr'><strong>est</strong></span> <span class='ocrx_word' id='word_1_31' title='bbox 792 809 974 885; x_wconf 88' lang='lat' dir='ltr'><strong>igitur</strong></span> <span class='ocrx_word' id='word_1_32' title='bbox 1016 812 1245 887; x_wconf 92' lang='lat' dir='ltr'><strong>optimo</strong></span> <span class='ocrx_word' id='word_1_33' title='bbox 1292 811 1442 869; x_wconf 89' lang='lat' dir='ltr'><strong>iure.</strong></span> 
     </span>
    </p>

    <p class='ocr_par' dir='ltr' id='par_1_7' title="bbox 227 893 1806 1820">
     <span class='ocr_line' id='line_1_8' title="bbox 231 893 1806 970; baseline 0.003 -19"><span class='ocrx_word' id='word_1_34' title='bbox 231 893 405 968; x_wconf 84' lang='lat' dir='ltr'>Quid,</span> <span class='ocrx_word' id='word_1_35' title='bbox 451 894 617 968; x_wconf 88' lang='lat' dir='ltr'><strong>quod</strong></span> <span class='ocrx_word' id='word_1_36' title='bbox 660 902 984 970; x_wconf 85' lang='lat' dir='ltr'><strong>vagantum</strong></span> <span class='ocrx_word' id='word_1_37' title='bbox 1030 915 1210 955; x_wconf 89' lang='lat' dir='ltr'><strong>nosse</strong></span> <span class='ocrx_word' id='word_1_38' title='bbox 1259 894 1532 955; x_wconf 84' lang='lat' dir='ltr'><strong>Siderum</strong></span> <span class='ocrx_word' id='word_1_39' title='bbox 1572 915 1806 969; x_wconf 85' lang='lat' dir='ltr'><strong>cursus,</strong></span> 
     </span>
     <span class='ocr_line' id='line_1_9' title="bbox 230 976 1623 1055; baseline 0 -17"><span class='ocrx_word' id='word_1_40' title='bbox 230 977 394 1038; x_wconf 89' lang='lat' dir='ltr'><strong>Solis</strong></span> <span class='ocrx_word' id='word_1_41' title='bbox 436 979 707 1051; x_wconf 87' lang='lat' dir='ltr'><strong>labores,</strong></span> <span class='ocrx_word' id='word_1_42' title='bbox 758 981 958 1055; x_wconf 88' lang='lat' dir='ltr'><strong>spatia</strong></span> <span class='ocrx_word' id='word_1_43' title='bbox 999 989 1346 1039; x_wconf 81' lang='lat' dir='ltr'><strong>menstruae</strong></span> <span class='ocrx_word' id='word_1_44' title='bbox 1388 976 1623 1053; x_wconf 85' lang='lat' dir='ltr'><strong>Lunae,</strong></span> 
     </span>
     <span class='ocr_line' id='line_1_10' title="bbox 228 1066 1606 1140; baseline -0.001 -17"><span class='ocrx_word' id='word_1_45' title='bbox 228 1067 588 1138; x_wconf 87' lang='lat' dir='ltr'><strong>Annumque</strong></span> <span class='ocrx_word' id='word_1_46' title='bbox 625 1081 874 1140; x_wconf 81' lang='lat' dir='ltr'><strong>gressus</strong></span> <span class='ocrx_word' id='word_1_47' title='bbox 922 1066 983 1123; x_wconf 91' lang='lat' dir='ltr'><strong>in</strong></span> <span class='ocrx_word' id='word_1_48' title='bbox 1033 1084 1173 1125; x_wconf 90' lang='lat' dir='ltr'><strong>suos</strong></span> <span class='ocrx_word' id='word_1_49' title='bbox 1210 1066 1606 1139; x_wconf 82' lang='lat' dir='ltr'><strong>relabentem,</strong></span> 
     </span>
     <span class='ocr_line' id='line_1_11' title="bbox 227 1149 1538 1227; baseline 0.002 -20"><span class='ocrx_word' id='word_1_50' title='bbox 227 1149 487 1225; x_wconf 89' lang='lat' dir='ltr'><strong>Indigna</strong></span> <span class='ocrx_word' id='word_1_51' title='bbox 524 1169 648 1206; x_wconf 91' lang='lat' dir='ltr'><strong>non</strong></span> <span class='ocrx_word' id='word_1_52' title='bbox 697 1157 790 1206; x_wconf 88' lang='lat' dir='ltr'><strong>est</strong></span> <span class='ocrx_word' id='word_1_53' title='bbox 827 1149 998 1227; x_wconf 85' lang='lat' dir='ltr'><strong>Rege</strong></span> <span class='ocrx_word' id='word_1_54' title='bbox 1040 1151 1309 1209; x_wconf 85' lang='lat' dir='ltr'><strong>maximo</strong></span> <span class='ocrx_word' id='word_1_55' title='bbox 1353 1153 1538 1209; x_wconf 81' lang='lat' dir='ltr'><strong>cura?</strong></span> 
     </span>
     <span class='ocr_line' id='line_1_12' title="bbox 229 1233 1498 1312; baseline 0.002 -21"><span class='ocrx_word' id='word_1_56' title='bbox 229 1234 436 1292; x_wconf 89' lang='lat' dir='ltr'><strong>Testis</strong></span> <span class='ocrx_word' id='word_1_57' title='bbox 483 1233 793 1308; x_wconf 79' lang='lat' dir='ltr'><strong>NecepsO,</strong></span> <span class='ocrx_word' id='word_1_58' title='bbox 839 1236 942 1310; x_wconf 89' lang='lat' dir='ltr'><strong>qui</strong></span> <span class='ocrx_word' id='word_1_59' title='bbox 986 1234 1282 1312; x_wconf 85' lang='lat' dir='ltr'><strong>Canopici</strong></span> <span class='ocrx_word' id='word_1_60' title='bbox 1326 1236 1498 1312; x_wconf 89' lang='lat' dir='ltr'><strong>regni</strong></span> 
     </span>
     <span class='ocr_line' id='line_1_13' title="bbox 230 1319 1703 1392; baseline 0 -15"><span class='ocrx_word' id='word_1_61' title='bbox 230 1320 476 1377; x_wconf 90' lang='lat' dir='ltr'><strong>Tenens</strong></span> <span class='ocrx_word' id='word_1_62' title='bbox 519 1319 813 1392; x_wconf 88' lang='lat' dir='ltr'><strong>habenas,</strong></span> <span class='ocrx_word' id='word_1_63' title='bbox 858 1329 1031 1377; x_wconf 91' lang='lat' dir='ltr'><strong>nocte</strong></span> <span class='ocrx_word' id='word_1_64' title='bbox 1075 1321 1403 1379; x_wconf 90' lang='lat' dir='ltr'><strong>consulens</strong></span> <span class='ocrx_word' id='word_1_65' title='bbox 1449 1321 1703 1392; x_wconf 88' lang='lat' dir='ltr'><strong>caelum,</strong></span> 
     </span>
     <span class='ocr_line' id='line_1_14' title="bbox 230 1403 1625 1481; baseline 0 -20"><span class='ocrx_word' id='word_1_66' title='bbox 230 1403 636 1479; x_wconf 80' lang='lat' dir='ltr'><strong>Quaecunque</strong></span> <span class='ocrx_word' id='word_1_67' title='bbox 681 1404 855 1462; x_wconf 90' lang='lat' dir='ltr'><strong>limes</strong></span> <span class='ocrx_word' id='word_1_68' title='bbox 902 1414 1069 1463; x_wconf 89' lang='lat' dir='ltr'><strong>astra</strong></span> <span class='ocrx_word' id='word_1_69' title='bbox 1113 1406 1364 1481; x_wconf 86' lang='lat' dir='ltr'><strong>signifer</strong></span> <span class='ocrx_word' id='word_1_70' title='bbox 1407 1412 1625 1480; x_wconf 88' lang='lat' dir='ltr'><strong>portat,</strong></span> 
     </span>
     <span class='ocr_line' id='line_1_15' title="bbox 228 1488 1538 1564; baseline -0.001 -17"><span class='ocrx_word' id='word_1_71' title='bbox 228 1488 423 1547; x_wconf 86' lang='lat' dir='ltr'><strong>Radio</strong></span> <span class='ocrx_word' id='word_1_72' title='bbox 468 1489 719 1546; x_wconf 88' lang='lat' dir='ltr'><strong>notavit.</strong></span> <span class='ocrx_word' id='word_1_73' title='bbox 765 1490 909 1564; x_wconf 91' lang='lat' dir='ltr'><strong>quid</strong></span> <span class='ocrx_word' id='word_1_74' title='bbox 949 1497 1223 1548; x_wconf 87' lang='lat' dir='ltr'><strong>vetustus</strong></span> <span class='ocrx_word' id='word_1_75' title='bbox 1271 1490 1538 1548; x_wconf 89' lang='lat' dir='ltr'><strong>eiusdem</strong></span> 
     </span>
     <span class='ocr_line' id='line_1_16' title="bbox 231 1573 1565 1649; baseline 0 -19"><span class='ocrx_word' id='word_1_76' title='bbox 231 1573 554 1649; x_wconf 83' lang='lat' dir='ltr'><strong>Tyrannus</strong></span> <span class='ocrx_word' id='word_1_77' title='bbox 595 1573 791 1646; x_wconf 85' lang='lat' dir='ltr'><strong>aulae,</strong></span> <span class='ocrx_word' id='word_1_78' title='bbox 836 1583 1044 1649; x_wconf 89' lang='lat' dir='ltr'><strong>terque</strong></span> <span class='ocrx_word' id='word_1_79' title='bbox 1089 1575 1392 1633; x_wconf 86' lang='lat' dir='ltr'><strong>maximus</strong></span> <span class='ocrx_word' id='word_1_80' title='bbox 1435 1574 1565 1632; x_wconf 91' lang='lat' dir='ltr'><strong>Nili</strong></span> 
     </span>
     <span class='ocr_line' id='line_1_17' title="bbox 231 1658 1634 1737; baseline 0.002 -21"><span class='ocrx_word' id='word_1_81' title='bbox 231 1658 543 1735; x_wconf 85' lang='lat' dir='ltr'><strong>Regnator</strong></span> <span class='ocrx_word' id='word_1_82' title='bbox 580 1658 865 1731; x_wconf 91' lang='lat' dir='ltr'><strong>Hermes,</strong></span> <span class='ocrx_word' id='word_1_83' title='bbox 911 1660 1012 1733; x_wconf 90' lang='lat' dir='ltr'><strong>qui</strong></span> <span class='ocrx_word' id='word_1_84' title='bbox 1057 1659 1356 1737; x_wconf 90' lang='lat' dir='ltr'><strong>logisticis</strong></span> <span class='ocrx_word' id='word_1_85' title='bbox 1395 1660 1634 1736; x_wconf 90' lang='lat' dir='ltr'><strong>punctis</strong></span> 
     </span>
     <span class='ocr_line' id='line_1_18' title="bbox 233 1742 1358 1820; baseline 0 -18"><span class='ocrx_word' id='word_1_86' title='bbox 233 1742 494 1820; x_wconf 88' lang='lat' dir='ltr'><strong>Collegit</strong></span> <span class='ocrx_word' id='word_1_87' title='bbox 531 1751 725 1812; x_wconf 85' lang='lat' dir='ltr'><strong>astra3</strong></span> <span class='ocrx_word' id='word_1_88' title='bbox 769 1744 980 1801; x_wconf 90' lang='lat' dir='ltr'><strong>caelici</strong></span> <span class='ocrx_word' id='word_1_89' title='bbox 1023 1745 1358 1820; x_wconf 90' lang='lat' dir='ltr'><strong>penetralis</strong></span> 
     </span>
    </p>

    <p class='ocr_par' dir='ltr' id='par_1_8' title="bbox 233 1827 1578 1990">
     <span class='ocr_line' id='line_1_19' title="bbox 233 1827 1578 1904; baseline 0.001 -18"><span class='ocrx_word' id='word_1_90' title='bbox 233 1827 551 1886; x_wconf 86' lang='lat' dir='ltr'><strong>Reseravit</strong></span> <span class='ocrx_word' id='word_1_91' title='bbox 594 1829 796 1904; x_wconf 78' lang='lat' dir='ltr'><strong>adyta,</strong></span> <span class='ocrx_word' id='word_1_92' title='bbox 843 1829 1008 1886; x_wconf 88' lang='lat' dir='ltr'><strong>venit</strong></span> <span class='ocrx_word' id='word_1_93' title='bbox 1051 1829 1126 1886; x_wconf 90' lang='lat' dir='ltr'><strong>ad</strong></span> <span class='ocrx_word' id='word_1_94' title='bbox 1167 1829 1340 1888; x_wconf 91' lang='lat' dir='ltr'><strong>Deos</strong></span> <span class='ocrx_word' id='word_1_95' title='bbox 1384 1830 1578 1904; x_wconf 76' lang='lat' dir='ltr'><strong>iPSOS,</strong></span> 
     </span>
     <span class='ocr_line' id='line_1_20' title="bbox 236 1911 1488 1990; baseline -0.001 -18"><span class='ocrx_word' id='word_1_96' title='bbox 236 1911 417 1972; x_wconf 86' lang='lat' dir='ltr'><strong>Caelo</strong></span> <span class='ocrx_word' id='word_1_97' title='bbox 461 1914 687 1988; x_wconf 89' lang='lat' dir='ltr'><strong>potitus</strong></span> <span class='ocrx_word' id='word_1_98' title='bbox 731 1914 818 1972; x_wconf 89' lang='lat' dir='ltr'><strong>sic</strong></span> <span class='ocrx_word' id='word_1_99' title='bbox 858 1934 970 1990; x_wconf 91' lang='lat' dir='ltr'><strong>per</strong></span> <span class='ocrx_word' id='word_1_100' title='bbox 1013 1923 1177 1972; x_wconf 88' lang='lat' dir='ltr'><strong>astra</strong></span> <span class='ocrx_word' id='word_1_101' title='bbox 1214 1914 1488 1989; x_wconf 81' lang='lat' dir='ltr'><strong>captivo?</strong></span> 
     </span>
    </p>

    <p class='ocr_par' dir='ltr' id='par_1_9' title="bbox 233 1997 1784 2840">
     <span class='ocr_line' id='line_1_21' title="bbox 235 1997 1762 2074; baseline 0.002 -21"><span class='ocrx_word' id='word_1_102' title='bbox 235 1997 386 2070; x_wconf 82' lang='lat' dir='ltr'><strong>Quid</strong></span> <span class='ocrx_word' id='word_1_103' title='bbox 431 1998 670 2074; x_wconf 87' lang='lat' dir='ltr'><strong>priscus</strong></span> <span class='ocrx_word' id='word_1_104' title='bbox 717 1999 916 2071; x_wconf 91' lang='lat' dir='ltr'><strong>Atlas,</strong></span> <span class='ocrx_word' id='word_1_105' title='bbox 959 2008 1153 2057; x_wconf 88' lang='lat' dir='ltr'><strong>rector</strong></span> <span class='ocrx_word' id='word_1_106' title='bbox 1191 1998 1457 2069; x_wconf 86' lang='lat' dir='ltr'><strong>Africae,</strong></span> <span class='ocrx_word' id='word_1_107' title='bbox 1493 1998 1595 2073; x_wconf 92' lang='lat' dir='ltr'><strong>qui</strong></span> <span class='ocrx_word' id='word_1_108' title='bbox 1638 2018 1762 2056; x_wconf 92' lang='lat' dir='ltr'><strong>non</strong></span> 
     </span>
     <span class='ocr_line' id='line_1_22' title="bbox 235 2081 1602 2166; baseline -0.001 -24"><span class='ocrx_word' id='word_1_109' title='bbox 235 2081 500 2166; x_wconf 75' lang='lat' dir='ltr'><strong>Cei-vice,</strong></span> <span class='ocrx_word' id='word_1_110' title='bbox 541 2104 747 2142; x_wconf 88' lang='lat' dir='ltr'><strong>verum</strong></span> <span class='ocrx_word' id='word_1_111' title='bbox 791 2092 992 2142; x_wconf 88' lang='lat' dir='ltr'><strong>mente</strong></span> <span class='ocrx_word' id='word_1_112' title='bbox 1034 2084 1281 2161; x_wconf 86' lang='lat' dir='ltr'><strong>pertulit</strong></span> <span class='ocrx_word' id='word_1_113' title='bbox 1326 2082 1602 2141; x_wconf 79' lang='lat' dir='ltr'><strong>caelum?</strong></span> 
     </span>
     <span class='ocr_line' id='line_1_23' title="bbox 235 2167 1660 2245; baseline 0.002 -20"><span class='ocrx_word' id='word_1_114' title='bbox 235 2167 389 2241; x_wconf 82' lang='lat' dir='ltr'><strong>Quid</strong></span> <span class='ocrx_word' id='word_1_115' title='bbox 425 2169 553 2241; x_wconf 88' lang='lat' dir='ltr'><strong>ille,</strong></span> <span class='ocrx_word' id='word_1_116' title='bbox 594 2188 781 2226; x_wconf 88' lang='lat' dir='ltr'><strong>canae</strong></span> <span class='ocrx_word' id='word_1_117' title='bbox 827 2188 1005 2244; x_wconf 91' lang='lat' dir='ltr'><strong>quem</strong></span> <span class='ocrx_word' id='word_1_118' title='bbox 1049 2171 1366 2245; x_wconf 87' lang='lat' dir='ltr'><strong>loquentur</strong></span> <span class='ocrx_word' id='word_1_119' title='bbox 1406 2177 1660 2241; x_wconf 79' lang='lat' dir='ltr'><strong>aetateS,</strong></span> 
     </span>
     <span class='ocr_line' id='line_1_24' title="bbox 233 2254 1651 2332; baseline 0 -21"><span class='ocrx_word' id='word_1_120' title='bbox 233 2256 544 2312; x_wconf 86' lang='lat' dir='ltr'><strong>Astrorum</strong></span> <span class='ocrx_word' id='word_1_121' title='bbox 587 2255 887 2327; x_wconf 88' lang='lat' dir='ltr'><strong>alumnus,</strong></span> <span class='ocrx_word' id='word_1_122' title='bbox 928 2256 1149 2332; x_wconf 87' lang='lat' dir='ltr'><strong>pignus</strong></span> <span class='ocrx_word' id='word_1_123' title='bbox 1191 2274 1437 2312; x_wconf 89' lang='lat' dir='ltr'><strong>aureum</strong></span> <span class='ocrx_word' id='word_1_124' title='bbox 1476 2254 1651 2327; x_wconf 88' lang='lat' dir='ltr'><strong>caeli,</strong></span> 
     </span>
     <span class='ocr_line' id='line_1_25' title="bbox 237 2335 1748 2410; baseline 0.001 -14"><span class='ocrx_word' id='word_1_125' title='bbox 237 2335 537 2396; x_wconf 88' lang='lat' dir='ltr'><strong>Castellae</strong></span> <span class='ocrx_word' id='word_1_126' title='bbox 576 2357 865 2396; x_wconf 88' lang='lat' dir='ltr'><strong>amoenae</strong></span> <span class='ocrx_word' id='word_1_127' title='bbox 912 2339 1052 2397; x_wconf 85' lang='lat' dir='ltr'><strong>Rex</strong></span> <span class='ocrx_word' id='word_1_128' title='bbox 1098 2348 1370 2398; x_wconf 89' lang='lat' dir='ltr'><strong>vetustus</strong></span> <span class='ocrx_word' id='word_1_129' title='bbox 1420 2340 1748 2410; x_wconf 81' lang='lat' dir='ltr'><strong>Alfonsus3</strong></span> 
     </span>
     <span class='ocr_line' id='line_1_26' title="bbox 235 2422 1609 2501; baseline 0.001 -21"><span class='ocrx_word' id='word_1_130' title='bbox 235 2422 496 2499; x_wconf 86' lang='lat' dir='ltr'><strong>Aliique,</strong></span> <span class='ocrx_word' id='word_1_131' title='bbox 539 2443 689 2499; x_wconf 90' lang='lat' dir='ltr'><strong>quos</strong></span> <span class='ocrx_word' id='word_1_132' title='bbox 734 2443 846 2482; x_wconf 90' lang='lat' dir='ltr'><strong>nec</strong></span> <span class='ocrx_word' id='word_1_133' title='bbox 888 2425 1339 2499; x_wconf 82' lang='lat' dir='ltr'><strong>explicaverim,</strong></span> <span class='ocrx_word' id='word_1_134' title='bbox 1383 2424 1609 2501; x_wconf 87' lang='lat' dir='ltr'><strong>Reges,</strong></span> 
     </span>
     <span class='ocr_line' id='line_1_27' title="bbox 235 2506 1625 2587; baseline 0.001 -23"><span class='ocrx_word' id='word_1_135' title='bbox 235 2506 452 2564; x_wconf 86' lang='lat' dir='ltr'><strong>Divina</strong></span> <span class='ocrx_word' id='word_1_136' title='bbox 496 2509 599 2582; x_wconf 88' lang='lat' dir='ltr'><strong>qui</strong></span> <span class='ocrx_word' id='word_1_137' title='bbox 635 2528 746 2584; x_wconf 90' lang='lat' dir='ltr'><strong>per</strong></span> <span class='ocrx_word' id='word_1_138' title='bbox 783 2509 1009 2585; x_wconf 88' lang='lat' dir='ltr'><strong>scripta</strong></span> <span class='ocrx_word' id='word_1_139' title='bbox 1051 2510 1321 2587; x_wconf 89' lang='lat' dir='ltr'><strong>Regibus</strong></span> <span class='ocrx_word' id='word_1_140' title='bbox 1368 2509 1625 2585; x_wconf 87' lang='lat' dir='ltr'><strong>magnis,</strong></span> 
     </span>
     <span class='ocr_line' id='line_1_28' title="bbox 236 2591 1784 2669; baseline 0.001 -21"><span class='ocrx_word' id='word_1_141' title='bbox 236 2593 592 2669; x_wconf 88' lang='lat' dir='ltr'><strong>Magnisque</strong></span> <span class='ocrx_word' id='word_1_142' title='bbox 633 2601 858 2651; x_wconf 88' lang='lat' dir='ltr'><strong>tantam</strong></span> <span class='ocrx_word' id='word_1_143' title='bbox 899 2594 1171 2653; x_wconf 86' lang='lat' dir='ltr'><strong>Ducibus</strong></span> <span class='ocrx_word' id='word_1_144' title='bbox 1222 2601 1505 2651; x_wconf 89' lang='lat' dir='ltr'><strong>asserunt</strong></span> <span class='ocrx_word' id='word_1_145' title='bbox 1549 2591 1784 2650; x_wconf 78' lang='lat' dir='ltr'><strong>artem?</strong></span> 
     </span>
     <span class='ocr_line' id='line_1_29' title="bbox 235 2678 1752 2756; baseline -0.001 -22"><span class='ocrx_word' id='word_1_146' title='bbox 235 2680 347 2735; x_wconf 89' lang='lat' dir='ltr'><strong>Ars</strong></span> <span class='ocrx_word' id='word_1_147' title='bbox 389 2678 510 2736; x_wconf 89' lang='lat' dir='ltr'><strong>ista</strong></span> <span class='ocrx_word' id='word_1_148' title='bbox 548 2679 658 2751; x_wconf 88' lang='lat' dir='ltr'><strong>sic,</strong></span> <span class='ocrx_word' id='word_1_149' title='bbox 696 2678 836 2736; x_wconf 86' lang='lat' dir='ltr'><strong>Rex</strong></span> <span class='ocrx_word' id='word_1_150' title='bbox 880 2698 1120 2756; x_wconf 89' lang='lat' dir='ltr'><strong>magne,</strong></span> <span class='ocrx_word' id='word_1_151' title='bbox 1170 2678 1444 2755; x_wconf 91' lang='lat' dir='ltr'><strong>Regibus</strong></span> <span class='ocrx_word' id='word_1_152' title='bbox 1491 2698 1608 2735; x_wconf 90' lang='lat' dir='ltr'><strong>non</strong></span> <span class='ocrx_word' id='word_1_153' title='bbox 1657 2685 1752 2736; x_wconf 89' lang='lat' dir='ltr'><strong>est</strong></span> 
     </span>
     <span class='ocr_line' id='line_1_30' title="bbox 236 2762 1647 2840; baseline 0.001 -21"><span class='ocrx_word' id='word_1_154' title='bbox 236 2762 508 2839; x_wconf 86' lang='lat' dir='ltr'><strong>Indigna,</strong></span> <span class='ocrx_word' id='word_1_155' title='bbox 558 2782 712 2839; x_wconf 90' lang='lat' dir='ltr'><strong>quae</strong></span> <span class='ocrx_word' id='word_1_156' title='bbox 756 2770 842 2821; x_wconf 89' lang='lat' dir='ltr'><strong>tot</strong></span> <span class='ocrx_word' id='word_1_157' title='bbox 884 2765 1152 2822; x_wconf 89' lang='lat' dir='ltr'><strong>vindices</strong></span> <span class='ocrx_word' id='word_1_158' title='bbox 1196 2765 1379 2821; x_wconf 92' lang='lat' dir='ltr'><strong>habet</strong></span> <span class='ocrx_word' id='word_1_159' title='bbox 1422 2763 1647 2840; x_wconf 88' lang='lat' dir='ltr'><strong>Reges.</strong></span> 
     </span>
    </p>
   </div>
   <div class='ocr_carea' id='block_1_4' title="bbox 238 2846 1971 2924">
    <p class='ocr_par' dir='ltr' id='par_1_10' title="bbox 238 2846 1971 2924">
     <span class='ocr_line' id='line_1_31' title="bbox 238 2846 1971 2924; baseline -0.001 -20"><span class='ocrx_word' id='word_1_160' title='bbox 238 2846 407 2920; x_wconf 88' lang='lat' dir='ltr'><strong>Quod</strong></span> <span class='ocrx_word' id='word_1_161' title='bbox 450 2849 505 2906; x_wconf 88' lang='lat' dir='ltr'><strong>si</strong></span> <span class='ocrx_word' id='word_1_162' title='bbox 544 2855 604 2906; x_wconf 91' lang='lat' dir='ltr'><strong>et</strong></span> <span class='ocrx_word' id='word_1_163' title='bbox 646 2846 941 2906; x_wconf 70' lang='lat' dir='ltr'><strong>clientem&#39;</strong></span> <span class='ocrx_word' id='word_1_164' title='bbox 971 2850 1127 2907; x_wconf 90' lang='lat' dir='ltr'><strong>hunc</strong></span> <span class='ocrx_word' id='word_1_165' title='bbox 1167 2849 1422 2924; x_wconf 86' lang='lat' dir='ltr'><strong>recipis3</strong></span> <span class='ocrx_word' id='word_1_166' title='bbox 1469 2869 1504 2906; x_wconf 91' lang='lat' dir='ltr'><strong>o</strong></span> <span class='ocrx_word' id='word_1_167' title='bbox 1550 2855 1760 2923; x_wconf 87' lang='lat' dir='ltr'><strong>quater</strong></span> <span class='ocrx_word' id='word_1_168' title='bbox 1799 2846 1971 2919; x_wconf 89' lang='lat' dir='ltr'><strong>felix,</strong></span> 
     </span>
    </p>
   </div>
   <div class='ocr_carea' id='block_1_5' title="bbox 237 2930 1752 3096">
    <p class='ocr_par' dir='ltr' id='par_1_11' title="bbox 237 2930 1752 3096">
     <span class='ocr_line' id='line_1_32' title="bbox 237 2930 1752 3008; baseline 0 -19"><span class='ocrx_word' id='word_1_169' title='bbox 237 2930 422 3003; x_wconf 91' lang='lat' dir='ltr'><strong>Quem</strong></span> <span class='ocrx_word' id='word_1_170' title='bbox 470 2933 561 2991; x_wconf 91' lang='lat' dir='ltr'><strong>sic</strong></span> <span class='ocrx_word' id='word_1_171' title='bbox 600 2941 861 3005; x_wconf 83' lang='lat' dir='ltr'><strong>tuentur,</strong></span> <span class='ocrx_word' id='word_1_172' title='bbox 906 2934 1287 3008; x_wconf 86' lang='lat' dir='ltr'><strong>saeculisque</strong></span> <span class='ocrx_word' id='word_1_173' title='bbox 1334 2933 1752 2991; x_wconf 90' lang='lat' dir='ltr'><strong>commendant</strong></span> 
     </span>
     <span class='ocr_line' id='line_1_33' title="bbox 238 3016 1672 3096; baseline 0.001 -22"><span class='ocrx_word' id='word_1_174' title='bbox 238 3016 460 3094; x_wconf 89' lang='lat' dir='ltr'><strong>Regale</strong></span> <span class='ocrx_word' id='word_1_175' title='bbox 505 3019 789 3090; x_wconf 85' lang='lat' dir='ltr'><strong>studium,</strong></span> <span class='ocrx_word' id='word_1_176' title='bbox 836 3026 1020 3093; x_wconf 91' lang='lat' dir='ltr'><strong>tuque</strong></span> <span class='ocrx_word' id='word_1_177' title='bbox 1066 3020 1369 3076; x_wconf 84' lang='lat' dir='ltr'><strong>maximus</strong></span> <span class='ocrx_word' id='word_1_178' title='bbox 1418 3018 1672 3096; x_wconf 88' lang='lat' dir='ltr'><strong>Regum.</strong></span> 
     </span>
    </p>
   </div>
   <div class='ocr_carea' id='block_1_6' title="bbox 365 3123 2056 3323">
    <p class='ocr_par' dir='ltr' id='par_1_12' title="bbox 365 3123 2056 3323">
     <span class='ocr_line' id='line_1_34' title="bbox 369 3123 2056 3189; baseline -0.001 -16"><span class='ocrx_word' id='word_1_179' title='bbox 369 3124 633 3189; x_wconf 91' lang='lat' dir='ltr'><strong>[‚‚memini</strong></span> <span class='ocrx_word' id='word_1_180' title='bbox 670 3133 845 3174; x_wconf 84' lang='lat' dir='ltr'><strong>tamen</strong></span> <span class='ocrx_word' id='word_1_181' title='bbox 869 3141 952 3176; x_wconf 90' lang='lat' dir='ltr'><strong>me</strong></span> <span class='ocrx_word' id='word_1_182' title='bbox 986 3126 1170 3175; x_wconf 87' lang='lat' dir='ltr'><strong>alicubi</strong></span> <span class='ocrx_word' id='word_1_183' title='bbox 1197 3125 1446 3174; x_wconf 89' lang='lat' dir='ltr'><strong>memoria</strong></span> <span class='ocrx_word' id='word_1_184' title='bbox 1477 3126 1682 3188; x_wconf 85' lang='lat' dir='ltr'><strong>lapsum</strong></span> <span class='ocrx_word' id='word_1_185' title='bbox 1714 3136 1846 3172; x_wconf 88' lang='lat' dir='ltr'><strong>esse.</strong></span> <span class='ocrx_word' id='word_1_186' title='bbox 1899 3123 2056 3185; x_wconf 87' lang='lat' dir='ltr'><strong>igitur</strong></span> 
     </span>
     <span class='ocr_line' id='line_1_35' title="bbox 365 3191 2053 3257; baseline -0.001 -16"><span class='ocrx_word' id='word_1_187' title='bbox 365 3208 458 3257; x_wconf 83' lang='lat' dir='ltr'><strong>pro</strong></span> <span class='ocrx_word' id='word_1_188' title='bbox 493 3194 586 3243; x_wconf 93' lang='lat' dir='ltr'><strong>illo</strong></span> <span class='ocrx_word' id='word_1_189' title='bbox 626 3192 738 3242; x_wconf 74' lang='lat' dir='ltr'><strong>Rex</strong></span> <span class='ocrx_word' id='word_1_190' title='bbox 773 3191 1062 3244; x_wconf 73' lang='lat' dir='ltr'><strong>Celtiberae</strong></span> <span class='ocrx_word' id='word_1_191' title='bbox 1102 3194 1414 3243; x_wconf 77' lang='lat' dir='ltr'><strong>Tarraconis</strong></span> <span class='ocrx_word' id='word_1_192' title='bbox 1451 3191 1701 3256; x_wconf 77' lang='lat' dir='ltr'><strong>Alfomus</strong></span> <span class='ocrx_word' id='word_1_193' title='bbox 1727 3193 2053 3256; x_wconf 87' lang='lat' dir='ltr'><strong>reponendus</strong></span> 
     </span>
     <span class='ocr_line' id='line_1_36' title="bbox 368 3259 2055 3323; baseline -0.001 -13"><span class='ocrx_word' id='word_1_194' title='bbox 368 3263 463 3311; x_wconf 89' lang='lat' dir='ltr'><strong>erit</strong></span> <span class='ocrx_word' id='word_1_195' title='bbox 497 3262 585 3311; x_wconf 93' lang='lat' dir='ltr'><strong>ille</strong></span> <span class='ocrx_word' id='word_1_196' title='bbox 621 3260 887 3313; x_wconf 71' lang='lat' dir='ltr'><strong>castellae</strong></span> <span class='ocrx_word' id='word_1_197' title='bbox 922 3278 1166 3311; x_wconf 77' lang='lat' dir='ltr'><strong>amoenae</strong></span> <span class='ocrx_word' id='word_1_198' title='bbox 1200 3278 1297 3311; x_wconf 77' lang='lat' dir='ltr'><strong>reae</strong></span> <span class='ocrx_word' id='word_1_199' title='bbox 1320 3269 1548 3311; x_wconf 71' lang='lat' dir='ltr'><strong>vetustus</strong></span> <span class='ocrx_word' id='word_1_200' title='bbox 1576 3260 1875 3323; x_wconf 56' lang='lat' dir='ltr'><strong>Alfomuff’</strong></span> <span class='ocrx_word' id='word_1_201' title='bbox 1931 3259 2055 3310; x_wconf 84' lang='lat' dir='ltr'><strong>Sca·</strong></span> 
     </span>
    </p>
   </div>
   <div class='ocr_carea' id='block_1_7' title="bbox 367 3328 2055 3395">
    <p class='ocr_par' dir='ltr' id='par_1_13' title="bbox 367 3328 2055 3395">
     <span class='ocr_line' id='line_1_37' title="bbox 367 3328 2055 3395; baseline -0.001 -17"><span class='ocrx_word' id='word_1_202' title='bbox 367 3331 497 3393; x_wconf 88' lang='lat' dir='ltr'><strong>liger</strong></span> <span class='ocrx_word' id='word_1_203' title='bbox 553 3332 664 3395; x_wconf 82' lang='lat' dir='ltr'><strong>ipse</strong></span> <span class='ocrx_word' id='word_1_204' title='bbox 711 3332 936 3381; x_wconf 87' lang='lat' dir='ltr'><strong>moriens</strong></span> <span class='ocrx_word' id='word_1_205' title='bbox 991 3338 1119 3381; x_wconf 89' lang='lat' dir='ltr'><strong>teste</strong></span> <span class='ocrx_word' id='word_1_206' title='bbox 1163 3332 1383 3380; x_wconf 86' lang='lat' dir='ltr'><strong>Daniele</strong></span> <span class='ocrx_word' id='word_1_207' title='bbox 1438 3330 1655 3380; x_wconf 88' lang='lat' dir='ltr'><strong>Heinsio</strong></span> <span class='ocrx_word' id='word_1_208' title='bbox 1705 3332 1760 3379; x_wconf 90' lang='lat' dir='ltr'><strong>in</strong></span> <span class='ocrx_word' id='word_1_209' title='bbox 1806 3328 2055 3392; x_wconf 83' lang='lat' dir='ltr'><strong>Scaligeri</strong></span> 
     </span>
    </p>
   </div>
   <div class='ocr_carea' id='block_1_8' title="bbox 303 3397 1787 3557">
    <p class='ocr_par' dir='ltr' id='par_1_14' title="bbox 303 3397 1787 3557">
     <span class='ocr_line' id='line_1_38' title="bbox 367 3397 872 3465; baseline 0.004 -18"><span class='ocrx_word' id='word_1_210' title='bbox 367 3400 597 3463; x_wconf 83' lang='lat' dir='ltr'><strong>epistolis</strong></span> <span class='ocrx_word' id='word_1_211' title='bbox 634 3416 686 3465; x_wconf 88' lang='lat' dir='ltr'><strong>p.</strong></span> <span class='ocrx_word' id='word_1_212' title='bbox 726 3397 872 3464; x_wconf 71' lang='lat'>835]</span> 
     </span>
     <span class='ocr_line' id='line_1_39' title="bbox 303 3489 1787 3557; baseline -0.001 -18"><span class='ocrx_word' id='word_1_213' title='bbox 303 3490 413 3540; x_wconf 88' lang='lat' dir='ltr'><strong>Hoc</strong></span> <span class='ocrx_word' id='word_1_214' title='bbox 443 3507 649 3542; x_wconf 87' lang='lat' dir='ltr'><strong>carmen</strong></span> <span class='ocrx_word' id='word_1_215' title='bbox 683 3493 970 3557; x_wconf 83' lang='lat' dir='ltr'><strong>praefixum</strong></span> <span class='ocrx_word' id='word_1_216' title='bbox 1012 3500 1088 3541; x_wconf 85' lang='lat' dir='ltr'><strong>est</strong></span> <span class='ocrx_word' id='word_1_217' title='bbox 1122 3490 1282 3555; x_wconf 88' lang='lat' dir='ltr'><strong>priori</strong></span> <span class='ocrx_word' id='word_1_218' title='bbox 1323 3490 1534 3539; x_wconf 87' lang='lat' dir='ltr'><strong>editioni</strong></span> <span class='ocrx_word' id='word_1_219' title='bbox 1568 3489 1787 3540; x_wconf 87' lang='lat' dir='ltr'><strong>Manilii.</strong></span> 
     </span>
    </p>
   </div>
  </div>
 </body>
</html>
