2452 4186
1273 274 1398 337 186

420 438 592 512 9‚34.
637 434 794 506 Ζεύς
825 434 995 499 ποτε
1014 435 1298 521 τῆςἼδης
1325 437 1590 522 ψεύστην
1615 439 1812 521 τάφον
1833 437 2251 524 ἐξαθέρισσεν,

507 520 785 583 Φλαύιον
834 521 1211 603 Αὐγούστων
1264 526 1348 590 ὡς
1390 521 1474 584 ἴδ’
1521 522 1901 606 ἀνακτόριον.

419 608 504 672 ὡς
548 605 618 667 δὲ
663 606 807 690 πάρ’
853 606 1134 689 εἰλαπίνῃ
1186 608 1423 675 σπάσας
1463 607 1622 670 πολὺ
1666 606 1880 691 νέκταρ
1927 606 2129 672 ἔκειτο

504 690 722 772 ἡδίων,
770 691 836 752 τὸ
887 690 1079 759 δέπας
1117 691 1169 753 τ’
1223 692 1577 774 ἐγγυάλιξεν.
1605 690 1803 775 ’Άρει,

421 776 505 842 εἰς
547 775 649 856 τὸν
695 774 931 859 Φοῖβον
980 777 1166 858 ὀρῶν,
1209 778 1313 838 καὶ
1354 776 1459 858 τὴν
1496 776 1756 859 Φοίβοιο
1806 774 2127 860 σύναιμον,

504 858 609 921 σὺν
649 865 775 926 τοῖς
810 859 1134 943 Ἀλκείδης
1174 861 1278 923 καὶ
1322 860 1513 944 ταχὺς
1542 858 1773 943 Ἀρκὰς
1814 857 1946 943 ἔην,

419 941 466 1004 Γ
470 945 730 1004 νώσσιον
775 943 947 1006 αὐτοὶ
993 944 1133 1026 ἐμοὶ
1178 945 1288 1027 μὲν
1338 945 1667 1020 ὃπάσσατε,
1701 945 1873 1028 φησὶ,
1919 946 1989 1008 τὸ
2033 950 2224 1028 σῆμα.

502 1026 716 1111 πόσσῳ
765 1026 909 1110 ἔμεν
952 1028 1200 1117 γενέτην
1249 1026 1564 1112 Καίσαρος
1612 1029 1737 1091 ἐστὶ
1780 1028 1971 1092 πλέον
1988 1053 2006 1105 ;
2185 1042 2216 1072 ³

421 1197 595 1271 9,20.
642 1194 751 1278 ἡδ’
795 1196 1125 1281 ἐπίχρυσος
1170 1197 1285 1280 ὅλη
1326 1197 1427 1259 καὶ
1467 1195 1673 1281 λύγδῳ
1715 1201 1887 1260 πᾶσα
1932 1200 2212 1282 καλυπτὴ

502 1285 576 1362 γῆ
624 1280 1068 1364 κουριζομένου
1112 1283 1343 1365 μάρτυς
1387 1280 1645 1349 ἄνακτος
1691 1279 1818 1365 ἔην.

421 1364 623 1449 ὀλβίη,
670 1366 708 1448 ἢ
756 1367 1066 1427 παιδνοῖσι
1107 1365 1537 1451 κατηχηθεῖσα
1581 1371 1882 1449 γοασμοῖς

505 1449 873 1534 ἑρπύζοντος
912 1448 1054 1532 ἔτλη
1101 1454 1266 1532 γυῖα,
1310 1451 1412 1513 καὶ
1455 1449 1790 1532 ηύγοίσατο.

421 1533 629 1597 ἐνθάδ’
681 1532 784 1596 ἔτν
828 1534 1056 1618 οἴκημα
1097 1536 1456 1621 σεβάσμιον,
1502 1533 1538 1596 ὅ
1588 1533 1687 1618 ρρ’
1730 1533 2039 1599 ἀνέτειλεν

506 1619 651 1695 &sert
689 1572 1079 1695 “ρόδος,«καὶ
1121 1625 1197 1702 γῆ
1248 1617 1485 1702 Κρῆσσ’
1537 1618 1812 1681 ἀνέδωκε
1847 1620 2062 1706 Σπόλῳ.

419 1704 519 1765 τὸν
557 1705 673 1766 Δία
710 1701 1029 1787 Κούρητες
1066 1704 1321 1788 πατάγῳ
1364 1704 1622 1787 ρύσαντο
1668 1703 1978 1788 Φρύγεσσι

502 1794 620 1849 τῶν
668 1787 1096 1872 εὐβαστάκτων
1140 1788 1542 1871 θηλυδρίῃσιν
1591 1788 1819 1851 ὅπλων.

418 1873 553 1957 χεὶρ
605 1873 674 1934 δὲ
721 1874 886 1947 Διὸς,
931 1870 1196 1957 Καῖσάρ,
1246 1873 1305 1934 σ’
1352 1871 1673 1956 ἐρρύσατο,
1714 1872 1917 1956 τόφρα
1954 1875 2057 1947 καὶ
2095 1874 2245 1957 αἰγίς

509 1959 645 2020 ἀντί
687 1980 784 2020 σοι
827 1957 901 2042 ἧν
948 1956 1198 2041 πέλτης,
1246 1957 1527 2041 ἀστραπὴ
1574 1957 1704 2019 ἀντὶ
1751 1957 1993 2042 βέλους.

426 2127 520 2202 10,
539 2130 639 2189 28.
686 2128 910 2194 αἰῶνος
954 2126 1192 2211 κόσμου
1237 2149 1301 2188 τε
1350 2124 1634 2207 διαυγέος
1674 2127 2098 2211 ἀρχιγένεθλε,

507 2212 832 2293 δημοσίαις
874 2210 1090 2294 εὐχαῖς
1134 2216 1379 2295 πρῶτος
1426 2210 1772 2294 ἀειδόμενε,

419 2294 658 2379 πρόσθε
704 2296 813 2378 μὲν
863 2295 1180 2375 οὐτιδανὸν
1230 2294 1497 2378 μέγαρον
1544 2296 1899 2380 περίτρητον
1942 2293 2163 2372 ἔναιες,

501 2377 544 2464 ᾗ
581 2376 800 2463 Ῥώμη
853 2381 1119 2468 μεσοίτην
1169 2378 1369 2465 ἔτριβε
1414 2379 1752 2463 λαοφόρον.

419 2469 522 2528 νῦν
562 2465 622 2526 δ’
675 2462 934 2548 ἔργοισιν
982 2463 1240 2532 ἄνακτος
1281 2463 1673 2547 ἐπιστέφεται
1718 2464 1823 2527 σέο
1869 2466 2016 2533 ναὸς

500 2548 681 2622 Ἰᾶνε,
725 2548 933 2617 τόσαις
978 2550 1033 2611 τ’
1078 2550 1351 2633 ἀγοραῖς,
1400 2548 1558 2610 ὅσσα
1603 2547 1910 2633 πρόσωπα
1952 2549 2176 2635 φέρεις.

421 2634 565 2696 ἀλλ’
618 2634 972 2716 εὐεργεσίης
1018 2634 1089 2695 σὺ
1137 2634 1439 2715 τοσαύτης
1487 2632 1599 2695 οὐκ
1642 2634 1975 2718 ἀχάριστος
2227 2641 2232 2648 ’

503 2719 744 2803 χάλκει’
796 2718 1013 2786 ἀϊδίοις
1057 2717 1196 2803 ἰ’σχε
1243 2718 1511 2801 θύρετρα
1558 2720 1837 2803 μοχλοῖς.

426 2890 519 2964 15,
540 2891 592 2950 1.
611 2887 893 2971 βάρβαρα
909 2885 1285 2969 Πυραμίδων
1307 2886 1383 2949 τὰ
1408 2875 1504 2960 σὰ,
1520 2884 1762 2971 Μέμφι,
1776 2877 2063 2969 θεήματα
2090 2886 2238 2968 σίγα.

502 2973 812 3054 κομπάζοι
856 2970 1117 3055 λιπαρὴς
1162 2970 1245 3053 μὴ
1286 2967 1645 3054 Βαβυλῶνα
1692 2968 1901 3038 κόπος.

420 3058 503 3140 μὴ
550 3060 674 3141 νεῷ
707 3055 1071 3140 Ἀρτέμιδος
1114 3056 1409 3138 τρυφεροὶ
1443 3055 1761 3138 κλῃζοίατ’
1806 3052 2034 3124 Ἴωνες.

505 3142 663 3223 μηδὲ
709 3140 856 3202 θεὸν
903 3140 1127 3222 κεραὸς
1169 3140 1379 3223 βωμὸς
1425 3140 1830 3210 ἐπαινεσάτω.

418 3227 578 3310 μηδὲ
617 3226 685 3287 τὸ
731 3223 1118 3290 Μαυσωλοῖο
1163 3225 1466 3307 μετήορον
1513 3223 1654 3307 ἠέρι
1700 3228 1868 3307 σῆμα

505 3309 822 3394 ὑψούντων
871 3307 1022 3394 αἴνῳ
1064 3305 1272 3391 Κᾶρες
1310 3310 1701 3391 ἀμετροεπεῖ.

417 3399 534 3458 πᾶν
574 3395 779 3475 κτίσμ’
824 3393 1111 3476 ἡττάσθω
1157 3397 1267 3456 τοῦ
1312 3390 1629 3475 Καίσαρος
1672 3391 2123 3478 ἀμφιθεάτρου.

505 3478 898 3563 θρυλλείσθω
946 3480 1188 3542 πάντων
1241 3474 1416 3559 ἔργον
1462 3476 1524 3539 ἓν
1575 3478 1705 3540 ἀντὶ
1745 3476 1977 3541 πόνων.
