2452 4186
1234 292 1355 355 148

381 459 478 526 Τὰ
523 464 677 526 σῦκα
722 463 899 537 σῦκα,
935 459 1044 542 τὴν
1092 459 1333 543 σκάφην
1382 458 1624 542 σκάφην
1668 457 1858 540 λέγω.

382 543 480 610 Τὰ
516 544 786 630 χρήματ’
827 542 1143 629 Αἰσχύνου
1185 565 1253 606 τε
1295 544 1398 606 καὶ
1429 540 1794 625 Θεαγένους.

382 627 508 694 Τὰν
597 634 737 713 εῖρα
777 627 1191 713 ποτιφέροντα
1225 627 1334 690 τὰν
1379 624 1529 689 θεὰν
1576 627 1792 709 καλῆν.

382 653 725 800 Τάργιχῖριόν
773 712 930 776 ἐστιν
977 713 1134 795 αἷμα
1173 713 1278 775 καὶ
1322 711 1490 797 ψυχὴ
1538 713 1796 796 βροτοῖς.

383 796 652 884 Τάριχος
690 798 875 865 ὀπτὸς
913 796 1121 877 εὐθὺς,
1159 797 1235 879 ἣν
1282 794 1384 878 ἴδῃ
1426 796 1495 857 τὸ
1537 800 1680 879 πῦρ.

383 880 628 992 Ταῦρος
671 882 705 944 δ
747 879 956 944 άκοντ’
1004 879 1219 957 ἔτικτε,
1252 880 1356 944 καὶ
1397 884 1621 963 ταῦρον
1666 880 1932 965 δράκων.

383 963 524 1051 Τάχ
586 966 681 1029 εἰσ
723 964 926 1048 μεσθα
972 966 1246 1048 μάντεων
1293 962 1643 1047 ὑπέρτερον.

384 1048 514 1119 Τὰς
548 1049 845 1133 κνημίδας
887 1055 979 1133 τῷ
1019 1050 1213 1134 κρατὶ,
1258 1053 1339 1133 τῇ
1379 1049 1581 1132 κνήμη
1624 1050 1869 1134 κράνος.

385 1132 577 1218 Τείχη
626 1133 847 1218 σιδηρᾶ
892 1135 1124 1216 μᾶλλον
1171 1133 1282 1195 εἶν’
1409 1133 1610 1215 γήϊνα.

385 1215 630 1282 Τέκτων
675 1216 792 1302 γὰρ
833 1218 919 1280 ὢν
963 1217 1253 1302 ἔπραττες
1300 1239 1334 1278 ο
1420 1216 1801 1300 ξυλουργικά.

268 1356 273 1361 .
385 1298 650 1386 Τετράδι
688 1301 991 1385 γενηθεὶς,
1037 1305 1122 1370 ὡς
1162 1299 1321 1365 ἔοικ’
1368 1299 1581 1369 ἄλλοις
1616 1306 1813 1365 πονῶ.

386 1382 549 1471 Τέχν
638 1384 706 1448 τέ
752 1407 858 1469 νην
904 1383 1167 1469 ἔστερξε,
1213 1387 1317 1450 καὶ
1358 1382 1510 1469 τύχη
1554 1382 1767 1470 τύχην.

386 1466 486 1552 Τῇ
533 1409 640 1553 ιῖἐν
686 1409 910 1553 δὶίδωμι
942 1471 1131 1576 χειρὶ,
1168 1475 1249 1553 τῇ
1291 1471 1361 1533 δὲ
1406 1471 1725 1554 λαμβάνω.

386 1551 599 1636 Τηλοῦ
643 1554 814 1638 φίλοι
856 1576 1127 1623 ναιοντες
1169 1554 1285 1617 οὐκ
1325 1555 1440 1616 εἰσὶ
1485 1554 1673 1638 φίλοι.

387 1634 521 1720 Τὴν
563 1638 716 1700 δαῖτ’
772 1636 970 1700 ὄνειον
1018 1640 1052 1702 ὁ
1095 1636 1341 1721 Σκύθης
1389 1639 1714 1710 ἀκκίζεται.

388 1720 515 1803 Τὴν
555 1718 726 1806 χεῖρ’
781 1720 1024 1805 ὑπίσχει
1069 1720 1515 1805 κᾴποθνήσκων
1562 1721 1855 1793 Ἀττικός.

389 1804 517 1887 Τῆς
559 1805 912 1889 ἐπιμελείας
953 1806 1150 1868 δοῦλα
1194 1806 1392 1868 πάντα
1434 1806 1679 1888 γίνεται.

390 1889 472 1956 Τί
510 1888 626 1973 γὰρ
671 1892 928 1974 μακροῖς
967 1888 1243 1952 αὐλοῖσιν
1287 1889 1562 1973 αὐλῆσαί
1601 1890 1672 1974 μ’
1722 1891 1885 1970 ἔδεις

392 1974 473 2041 Τί
508 1975 662 2057 δῆτα
700 1976 906 2059 χεῖρες
948 1973 1061 2037 οὐκ
1104 1971 1175 2037 ἂν
1223 1972 1631 2057 ἐργασαίατο;

393 2057 474 2125 Τί
510 2059 751 2142 μεγάλα
797 2059 1241 2143 φροιμιάζομαι
1283 2062 1509 2142 μικρῶν
1552 2058 1728 2143 πέρι;

394 2142 475 2209 Τί
512 2142 585 2206 οὐ
631 2143 861 2226 γενήσῃ
913 2144 987 2226 δή
1039 2143 1185 2205 ποτ’
1231 2143 1538 2252 Ἀρβέλας
1582 2145 1720 2220 ἰώνς
1831 2199 1836 2210 ,

394 2226 476 2293 Τί
512 2226 627 2291 οὐκ
668 2227 942 2310 ἀπήγξω,
980 2226 1079 2289 ἵνα
1124 2225 1346 2313 Θήβῃσ
1418 2228 1588 2311 ἥρως
1630 2228 1814 2312 γένῃ;
1865 2261 1872 2268 -

395 2311 502 2381 Τίς
542 2311 656 2397 γὰρ
702 2310 1022 2396 κατόπτρῳ
1065 2312 1167 2377 καὶ
1206 2314 1426 2416 τυφλοξ
1468 2314 1787 2389 κοινωνίας

396 2395 503 2465 Τίς
548 2396 674 2459 ἐστι
718 2397 942 2465 δοῦλος
976 2400 1086 2459 τοῦ
1130 2396 1342 2459 θανεῖν
1385 2419 1671 2479 αφροντις
1716 2399 1838 2474 ὤν;

396 2479 553 2547 Τύδ>
596 2480 901 2552 ἐξοπλίζει
938 2478 1165 2549 τοῦπος
1205 2480 1503 2566 Ἀργείων
1547 2482 1729 2544 λεών.

397 2564 554 2631 Τόδ’
596 2563 722 2628 ἔστι
760 2567 979 2650 πολλῷ
1018 2566 1322 2672 μεῖζον,ἢ
1367 2562 1590 2648 Τροίαν
1640 2565 1823 2630 ἑλεῖν.
1881 2563 1886 2566 V

397 2647 486 2714 Τὸ
525 2648 596 2712 κέ
640 2651 745 2718 δος
785 2649 927 2731 ἡδὺ,
971 2673 1079 2733 κᾳν
1134 2650 1258 2712 ἀπὸ
1302 2650 1546 2733 ψευδῶν
1588 2648 1687 2733 ἔῃ.

397 2731 485 2798 Τὸ
541 2672 648 2816 μέὶν
684 2732 755 2817 μ’
802 2732 1009 2796 ἔλειπε
1052 2738 1241 2817 κῦμα,
1279 2735 1347 2798 τὸ
1393 2732 1454 2795 δ’
1503 2733 2054 2823 ἐγκατελάμβανεν.

397 2815 484 2883 Τὸ
534 2819 643 2901 μὲν
686 2819 989 2902 πάρεργον
1038 2815 1213 2901 ἔργον
1265 2818 1351 2886 ὣς
1391 2816 1740 2901 ἡγούμεθα,
1994 2827 2000 2836 ‘

482 2902 550 2966 τὸ
598 2900 662 2964 δ’
712 2900 887 2985 ἔργον
928 2905 1013 2969 ὥς
1054 2903 1355 2985 πάρεργον
1407 2902 1859 2987 ἐκπονούμεθα.

399 2984 488 3051 Τὸ
533 2992 774 3071 πρῶτον
818 2987 906 3054 εἰς
955 2985 1100 3055 τοὺς
1131 2987 1359 3055 παῖδας
1400 2987 1691 3069 ἐζηλοῦτ’
1727 2988 1941 3076 Ἄρης.

401 3068 489 3135 Τὸ
534 3071 742 3134 σκαιὸν
790 3071 960 3155 ὄμμα
1001 3073 1381 3157 παραβαλὼν
1422 3070 1609 3135 θύνου
1658 3073 1847 3158 δίκην.

401 3152 490 3219 Τὸ
533 3155 814 3239 συγγενὲς
851 3155 967 3239 γὰρ
1010 3158 1113 3219 καὶ
1203 3157 1405 3221 θονεῖν
1447 3156 1778 3222 ἐπίσταται.

402 3235 491 3304 Τὸ
533 3239 711 3309 τέλος
754 3238 867 3324 ἅμ’
913 3241 988 3324 ἀρ
1033 3245 1080 3323 ῇ
1126 3180 1313 3310 εῗθὺς
1356 3240 1428 3304 οὐ
1472 3243 1929 3327 καταφαίνεται.

402 3320 697 3393 Τοιοῦτός
742 3324 897 3388 ἐστιν
946 3348 978 3387 ο
1010 3347 1159 3410 σπερ
1202 3327 1418 3409 ἥδεται
1462 3330 1678 3390 συνὼν.

404 3404 551 3478 Τοῖς
587 3406 657 3471 εὖ
696 3415 992 3493 φρονοῦσι
1039 3415 1540 3493 συμπαραστατεῖ
1573 3409 1749 3497 τύχη.

400 3489 700 3562 Τοιοῦτος
741 3492 827 3557 ὢν
874 3493 989 3559 οὐκ
1028 3493 1098 3558 ἄν
1139 3492 1201 3577 γ>
1249 3493 1383 3557 ἕλοι
1422 3493 1597 3558 πόλιν
1642 3494 1813 3560 ποτέ.
