2452 4186
1125 301 1203 360 47

253 467 388 526 Nec
432 468 633 526 Roma
674 468 910 526 Romae
956 487 1234 546 compos,
1282 472 1391 529 sed
1428 481 1627 530 tamen
1667 473 1880 546 Roma,

254 550 377 613 Sed
412 553 611 611 Roma
652 570 806 626 quae
846 562 1160 628 praestare
1201 572 1326 614 non
1370 565 1542 632 potes
1580 558 1860 630 Romam,

252 636 376 697 Sed
421 656 574 712 quae
618 637 846 694 foveris
889 638 1123 711 fraude,
1166 658 1321 714 quae
1363 642 1530 700 foves
1568 643 1861 716 fraudem,

250 722 415 782 Urbs
453 721 748 798 prurienti
792 740 947 797 quae
988 723 1316 782 obsoletior
1355 737 1575 799 scorto,

250 808 329 865 Et
369 807 636 866 obsoleti
673 825 834 865 more
870 809 1148 883 pruriens
1195 812 1395 882 scorti,

252 891 424 967 Quae
467 911 666 968 paene
706 891 864 949 victa
905 892 1074 951 faece
1118 896 1569 969 prostitutarum

253 976 341 1034 Te
398 977 722 1053 prostituta
763 977 957 1037 vincis
1004 986 1063 1034 et
1110 986 1287 1037 tuum‘
1319 981 1477 1038 facta
1521 1000 1587 1039 es

253 1061 396 1119 Tibi
436 1062 693 1137 lupanar
734 1061 796 1119 in
842 1071 947 1119 tuo
983 1062 1295 1138 lupanari:

251 1146 408 1203 Vale
447 1146 688 1222 pudoris
729 1148 874 1205 urbs
914 1147 1114 1206 inanis
1163 1157 1221 1205 et
1263 1151 1431 1221 recti,

251 1231 370 1288 Tui
416 1232 670 1307 pudoris
714 1231 1096 1305 nominisque
1140 1233 1468 1306 decocti-ix,

256 1315 483 1392 Turpis
529 1316 709 1372 litura
748 1336 865 1373 non
914 1318 1271 1375 merentium
1318 1337 1538 1390 rerum,

252 1401 468 1461 Ocelle
518 1401 836 1475 quondam,
884 1421 1045 1459 nunc
1088 1402 1307 1461 lacuna
1351 1404 1650 1475 fortunae,

249 1485 600 1563 Negotiosa
643 1495 835 1544 mater
876 1485 1235 1557 otiosorum3

254 1571 409 1628 Vale
448 1571 734 1643 nefanda,
782 1577 1197 1646 constuprata,
1245 1580 1543 1647 corrupta,

249 1656 499 1713 Incesta
535 1655 829 1714 caelibum
878 1653 1198 1726 Quiritium
1243 1675 1531 1732 manceps

253 1738 715 1798 Contaminata:
755 1741 979 1816 quippe
1023 1740 1165 1816 quid
1204 1750 1344 1799 tuos
1392 1742 1574 1799 mirer

250 1825 476 1883 Putere
529 1844 753 1897 mores,
795 1826 1034 1901 quando
1079 1827 1202 1884 vita
1244 1827 1619 1902 computret?

422 1936 476 1972 v.
513 1919 573 1968 P.
613 1917 894 1971 Colomesii
931 1936 1089 1986 opera
1122 1937 1177 1985 p,
1211 1919 1360 1986 5118]

378 2152 724 2231 selmum
772 2151 1359 2234 RNcomAs'ncA
1413 2154 1560 2232 SfflJ
1606 2153 1957 2238 nNcomA

938 2252 1394 2342 mmmmm.

306 2425 357 2478 1.
448 2423 526 2477 In
584 2421 856 2496 Aeschyli
903 2422 1299 2480 Prometheum
1345 2441 1386 2477 a
1434 2422 1504 2491 Q.
1561 2421 1723 2497 Sept.
1768 2424 2042 2481 Florente

519 2503 843 2564 Christiano
885 2506 1101 2563 Latine
1147 2523 1479 2563 conversum
1524 2507 1826 2583 Prologus.

255 2589 563 2647 Pacuvius
612 2608 750 2647 acer
791 2599 854 2647 et
893 2591 1170 2649 Rudinus
1216 2591 1475 2662 Ennius,

259 2674 513 2749 Utrique
559 2692 820 2749 compar,
866 2676 997 2733 sive
1038 2676 1231 2733 maior
1273 2676 1507 2746 Attius;

256 2760 405 2832 Alii,
451 2767 724 2818 vetustas
771 2761 943 2817 docta
982 2761 1040 2819 si
1086 2780 1234 2836 quos
1275 2761 1517 2820 extulit,

259 2843 558 2917 Scaenae,
600 2844 858 2903 Latinas
899 2865 979 2903 ex
1025 2847 1204 2904 bonis
1257 2845 1515 2905 Graecis
1561 2846 1749 2905 bonas

259 2928 577 3005 Scripsere
620 2930 834 3007 grandi
878 2931 1146 2988 oratione
1183 2931 1447 2989 fabulas.

258 3014 487 3073 Verum
526 3023 816 3074 venustas
864 3015 1085 3087 omnia,
1129 3016 1326 3075 omnis
1369 3016 1565 3093 gratia

259 3098 679 3173 Grandiloqua
721 3100 985 3158 numeris
1025 3100 1228 3159 obsita
1255 3101 1591 3158 innumeris
1622 3100 1784 3175 perit

260 3186 460 3259 Atque
500 3185 847 3258 obsolescit,
890 3186 1031 3243 dum
1071 3186 1350 3262 occupati
1394 3187 1458 3243 in
1498 3185 1679 3242 unica

264 3269 573 3330 Orationis
612 3279 807 3345 parte,
850 3290 1140 3330 numeros
1178 3270 1510 3348 negligunt.

263 3352 487 3413 Contra
521 3354 748 3412 Poetae
794 3375 934 3414 sera
974 3375 1122 3431 quos
1170 3364 1343 3415 aetas
1386 3356 1571 3426 dedit,

265 3439 491 3499 Omitto
532 3458 822 3514 quaerere
864 3460 940 3498 an
983 3441 1237 3513 Poetae,
1285 3460 1361 3498 an
1410 3441 1649 3512 Musici,

264 3526 358 3582 An
406 3524 769 3583 Musicorum
799 3532 1076 3602 'strepera
1113 3525 1564 3585 mendicabula:
