2452 4186
1151 336 1276 397 359

295 506 545 564 Venans
585 506 849 563 carinam
895 506 1156 579 perfidae
1202 525 1465 583 sponsae
1505 505 1753 565 veham:
1793 575 1800 581 1

298 591 421 666 Qui
446 590 783 667 ‘limpidum
826 590 1141 648 accoluere
1183 590 1395 649 Dizeri
1437 591 1695 649 alveum.

295 675 567 734 Melitem
605 675 866 733 insulam
915 674 1020 732 alii
1063 696 1203 734 non
1232 679 1307 734 ab
1360 676 1665 736 Orthrono
1711 675 1919 751 procul

295 761 456 837 Vagi
503 760 889 831 obsidebunt,
936 779 1114 834 quam
1155 762 1359 838 iugosi
1405 761 1696 837 plurimus

298 844 542 905 Circum
578 845 851 921 Pachyni
896 842 1153 904 Sicanae
1195 846 1409 904 lambit
1452 846 1675 921 liquor,

294 935 516 990 Arcem
562 939 872 1007 petrosam
915 931 1225 989 ruminans
1273 932 1694 1009 cognominem

300 1016 466 1076 Olim
505 1016 764 1073 futuram
803 1012 1090 1091 Sisyphei
1132 1016 1265 1088 filii,

299 1100 526 1160 Curitis
571 1101 748 1158 etiam
792 1100 1059 1176 Virginis
1109 1101 1438 1176 splendens
1488 1120 1663 1177 opus,

299 1186 438 1262 Qua
476 1186 670 1244 vomit
713 1184 983 1243 Helorus
1023 1185 1410 1263 frigerantem
1458 1186 1771 1263 gurgitem.

297 1272 416 1329 Avi
457 1277 758 1346 peremtor
794 1270 1003 1345 hirpus
1051 1269 1425 1329 Orthronum
1471 1271 1719 1344 incolet,

297 1356 493 1414 Patrii
537 1355 747 1431 procul
784 1356 1011 1413 fluenta
1055 1354 1392 1432 Coscynthi
1438 1364 1756 1432 expetenS‚

298 1441 381 1499 Et
419 1442 483 1498 in
529 1439 815 1515 procellis
863 1459 1154 1516 scrupeae
1199 1441 1347 1499 moli
1390 1441 1666 1499 insidens

301 1525 582 1585 Classem
628 1526 949 1600 imperabit
990 1526 1390 1601 navigandam
1437 1526 1689 1584 civibus.

301 1611 530 1669 Terrae
570 1620 863 1686 paternae
908 1629 1164 1685 namque
1210 1631 1334 1669 non
1380 1627 1604 1669 annum
1648 1613 1947 1687 integrum

298 1695 745 1754 Perduellionis
790 1696 990 1771 patria
1031 1716 1199 1753 reum
1241 1696 1359 1753 frui

302 1780 636 1854 Sequestra
677 1780 872 1837 iustae
917 1781 1102 1838 Furia
1144 1780 1443 1839 vindictae
1492 1781 1673 1852 sinat,

300 1865 577 1924 Ladonis
618 1865 721 1922 udi
765 1866 936 1923 larva
973 1866 1127 1923 roris
1171 1866 1398 1924 accola.

300 1953 383 2009 Et
420 1950 562 2008 inde
598 1950 797 2008 vitans
847 1950 1140 2026 praelium
1186 1950 1679 2027 angniforminm,

300 2035 631 2103 Abantiam
672 2043 820 2112 post
856 2036 1168 2113 navigabit
1210 2037 1525 2113 oppidum,

298 2123 699 2197 Ventansque
746 2123 992 2198 propius
1038 2129 1258 2179 terram
1306 2120 1777 2189 Atitanensium‚

301 2208 404 2266 Ad
444 2206 614 2264 littus
657 2207 855 2281 ipsum
901 2207 1139 2264 culmen
1180 2207 1432 2264 arduum
1474 2205 1702 2263 incolet

303 2292 541 2350 Libans
584 2291 954 2367 Polyanthei
993 2289 1325 2349 Chaonitae
1366 2291 1633 2348 flumina.

302 2376 657 2436 Calchantis
703 2376 866 2449 atqui
908 2377 1086 2434 busta
1126 2383 1382 2452 propter
1427 2374 1581 2431 Itala

298 2463 582 2521 Fratrum
629 2461 809 2518 duum
856 2460 1166 2518 mendacis
1212 2460 1365 2517 alter
1407 2458 1678 2533 cespitis,

302 2547 630 2606 Tumulum
673 2545 928 2622 sepultis
975 2546 1263 2603 excitabit
1304 2545 1578 2602 ossibus:

302 2633 682 2705 Bustumque
729 2630 916 2689 ovillo
963 2631 1186 2688 vellere
1225 2629 1655 2688 incubantibus

301 2719 531 2774 Veram
569 2715 632 2773 in
678 2716 879 2789 quiete
921 2716 1247 2774 dictionem
1301 2715 1603 2791 proferet:

305 2801 715 2875 Salutiferque
754 2800 1017 2860 Dauniis
1065 2801 1401 2870 vocabitur,

307 2886 460 2947 oum
505 2885 770 2943 fluminis
811 2904 960 2963 gens
1005 2887 1132 2944 lota
1172 2884 1441 2943 Iuturnis
1487 2881 1682 2956 aquia,

306 2972 575 3031 Gnatum
615 2971 986 3028 invocabunt
1028 2971 1318 3046 opitulum
1361 2965 1712 3043 Aesculapii

306 3056 497 3134 Gregi
533 3055 856 3131 benignum
905 3056 1258 3128 civibusque
1302 3053 1611 3111 accedere.

306 3142 449 3200 Hoc
497 3159 717 3216 nempe
761 3141 991 3198 cunctis
1035 3140 1234 3197 lumen
1284 3138 1521 3198 Aetolis
1565 3136 1693 3193 erit.

305 3227 402 3286 Ibi
443 3233 756 3283 cruentum
804 3234 862 3282 et
905 3225 1163 3282 omnium
1212 3222 1662 3292 saevissimum,

310 3311 573 3388 Quando
623 3308 888 3388 Salanga
928 3329 1068 3367 rura
1114 3318 1173 3366 et
1214 3312 1537 3385 Angaesos
1587 3306 1756 3365 sinus

311 3395 462 3456 Cum
504 3395 800 3466 venerint,
838 3395 1006 3452 ducis
1051 3401 1381 3470 reposcent
1423 3393 1634 3467 iugera

309 3481 471 3540 Boni
514 3479 753 3539 novalis
776 3512 781 3515 -
808 3476 1042 3551 sumen,
1082 3498 1289 3536 arvum
1334 3475 1715 3535 haeredium:

315 3565 481 3639 Quos
527 3565 604 3623 ad
651 3566 993 3641 sepulcrum
1042 3563 1372 3647 solitarium
1417 3563 1674 3621 obruent

2128 504 2263 559 1025

2133 929 2267 983 1030

1973 1305 1976 1310 ’
2138 1352 2268 1406 1035

2136 1776 2272 1831 1040

2140 2196 2275 2251 1045
2311 2198 2314 2201 ’

2144 2621 2279 2675 1050

2146 3049 2280 3103 1055

2149 3470 2284 3526 1060
