2452 4186
1133 313 1257 373 389

808 480 1107 542 Saliorum
1148 485 1431 559 suffimen,
1480 493 1586 542 tm.
2022 485 2103 545 37

280 566 595 643 Aericrepi
630 564 806 639 Salii,
858 567 1079 624 ancilia
1120 569 1334 627 Martis
1375 569 1691 640 habentem

281 652 485 724 Aeris,
534 659 593 709 et
638 659 856 724 terrae,
901 658 961 709 et
1003 654 1188 712 maris
1233 653 1533 730 indigetes
1575 653 1867 730 opulenti,

283 737 607 795 Terrarum
648 736 827 809 tituli,
869 737 1159 813 genitalia
1196 738 1430 797 semina
1468 738 1696 811 mnndi,

283 821 523 897 Quique
566 820 1003 882 Samothracen
1044 823 1390 882 habitacula
1423 842 1600 882 sacra
1639 822 1932 896 colentes,

283 905 545 966 Casibus
595 906 860 966 eximitis
901 927 1013 984 per
1055 909 1299 967 caerula
1337 908 1760 970 velificantes:¹

280 993 410 1052 Vos
455 992 636 1068 primi
674 1011 910 1051 sacrum
956 995 1309 1054 mortalibus
1352 993 1724 1066 instituistis,

281 1077 532 1135 Aeterni
575 1076 726 1137 Salii
766 1078 989 1138 ancilia
1028 1080 1243 1138 Martis
1289 1081 1613 1138 habentes:

282 1162 594 1222 Oceanum
634 1164 904 1237 quatitis,
947 1164 1192 1237 quatitis
1238 1183 1425 1236 mare,
1462 1165 1795 1237 roboraque
1836 1162 1978 1220 alta.

282 1247 515 1305 Terrae
556 1247 917 1307 insultantes
958 1249 1218 1326 pedibus
1261 1248 1553 1325 strepitis,
1598 1248 1915 1306 rutilantes

283 1330 575 1391 Gestibus
622 1352 820 1392 arma:
865 1342 1126 1391 tremunt
1161 1333 1496 1393 animantia
1533 1333 1697 1392 secla
1735 1333 2023 1402 ferarum,

280 1417 359 1475 Et
398 1418 599 1493 fragor
643 1426 705 1476 et
743 1419 1018 1477 fremitus
1059 1420 1379 1497 pervolgat
1420 1418 1660 1476 caerula
1699 1418 1876 1476 coeli.

280 1503 359 1560 Et
397 1501 777 1579 glomerante
820 1503 1037 1579 pedum
1081 1505 1294 1563 sonitu·
1323 1511 1486 1563 stant
1528 1504 1777 1580 pulvere
1820 1503 2036 1572 nubes,

286 1587 365 1644 Et
407 1587 619 1645 florum
666 1589 903 1664 species
949 1589 1314 1648 viridantum
1358 1608 1547 1648 verna
1588 1588 1867 1664 patescit.

279 1671 531 1730 Aeterni
578 1673 764 1749 genii,
808 1682 987 1748 atque
1026 1674 1208 1732 Ioves
1254 1683 1314 1731 et
1348 1673 1636 1732 Vaeiove'
1677 1672 1915 1748 quando

281 1757 483 1815 Torva
526 1757 846 1815 inimiciter
885 1766 1202 1817 occurrunt
1244 1759 1601 1817 mortalibus
1641 1760 1755 1830 ira,

280 1842 610 1901 Vastantes
653 1844 995 1920 victumque
1034 1852 1095 1901 et
1134 1863 1306 1919 opes,
1348 1844 1642 1920 ipsosque
1683 1848 1995 1901 nocentes.

280 1927 430 1984 Inde
475 1926 598 1985 loci
646 1947 866 2005 magno
912 1931 1300 1988 crebrescunt
1341 1948 1646 1986 murmura
1687 1935 1899 2003 ponte,

278 2011 572 2089 Stirpitus
618 2021 677 2070 et
721 2032 977 2088 quercus
1028 2015 1431 2089 procumbunt
1478 2032 1743 2090 aequore
1790 2012 2010 2088 campi,

278 2098 634 2156 Parmarum
677 2100 839 2158 flictu
879 2100 1147 2173 caelesti’
1190 2101 1449 2160 resultat
1491 2102 1715 2178 imago.

278 2184 337 2244 Ο
386 2181 564 2256 Salii,
607 2192 784 2258 atque
823 2193 997 2261 potes
1040 2184 1431 2257 Salisubsuli,
1468 2186 1923 2262 induperanteS,

280 2268 615 2346 Indigetes,
656 2267 1083 2342 Samothracii,
1131 2278 1191 2327 et
1225 2269 1462 2328 incluta·
1493 2265 1712 2328 Diiovi'
1761 2268 2004 2343 proles:

275 2354 533 2412 Aeterni
576 2355 778 2426 flatus,
825 2354 1142 2426 animales,
1187 2354 1567 2426 aeriformeS,

280 2439 520 2514 Quique
570 2440 746 2496 etiam
792 2438 1017 2516 gemini
1062 2458 1169 2514 per
1212 2439 1367 2496 caeli
1412 2438 1640 2515 templa
1674 2435 1910 2508 clueti8‚

280 2522 624 2599 Spirantes,
673 2523 830 2597 sudi,
871 2524 1173 2599 mitesque
1219 2523 1655 2599 salutiferique,

277 2608 613 2685 Temperii,
658 2610 966 2687 Autumni,
1009 2608 1175 2682 Divi,
1223 2609 1612 2681 medioxumi,
1659 2606 1879 2665 anheli.

585 2779 729 2836 Divi
776 2783 915 2838 Inui
955 2780 1305 2838 Lucumonis
1345 2780 1627 2854 suffimen,
1674 2786 1783 2836 tus.
2024 2775 2105 2833 38

279 2862 772 2937 Induperatorem
816 2884 1098 2941 magnum
1140 2864 1380 2922 telluris
1427 2863 1632 2936 adom,

280 2946 672 3022 Invisumque
711 2948 952 3022 Inuum,
995 2950 1381 3023 felicemque,
1424 2956 1603 3022 atque
1644 2946 1980 3019 Quirinum,

277 3030 653 3091 Nocturnum
689 3034 1124 3105 Lucumonem,
1178 3035 1409 3092 obicem
1451 3031 1746 3091 larvatilis
1790 3030 2060 3101 umbrae,

280 3117 580 3176 Terriculi
623 3118 943 3177 auxilium:
982 3120 1344 3193 desertaque
1384 3118 1932 3176 concelebrantem.

280 3203 595 3275 Incubum,
639 3204 786 3262 item
827 3205 1130 3281 geminum
1164 3202 1549 3274 Volturnum,
1587 3200 2104 3274 multivolumque,

281 3286 718 3364 Sanguineum,
734 3296 912 3363 atque
938 3288 1249 3362 utriusque
1272 3294 1580 3345 cruentum
1596 3286 1847 3345 vulnere
1866 3284 2103 3343 fratrist

281 3370 548 3430 Numine
594 3374 697 3448 qui
731 3373 970 3445 Cereris
1013 3373 1258 3431 mutasti
1303 3390 1524 3449 corpus
1566 3390 1910 3443 amoenum,

284 3457 615 3515 Terrificae
661 3468 939 3517 excetrae
981 3458 1298 3516 insinuans
1343 3457 1649 3532 serpentia
1689 3457 1980 3527 membra,

284 3542 440 3601 Vota
482 3542 698 3601 lubens
742 3544 903 3618 audi,
947 3560 1352 3618 creperosque
1396 3549 1599 3600 averte
1648 3541 1915 3611 timores,
