2452 4186
1064 323 1188 382 395

217 491 535 554 Semiferis
582 493 762 553 sociis
794 494 886 551 ¹ad
921 494 1335 569 pandicularia
1377 510 1552 551 sacra

212 578 381 651 Dux,
430 578 600 651 ades,
646 579 1143 656 expergefaciens
1190 577 1542 637 vitulamina
1580 578 1832 651 alumni,

216 661 369 723 Cum
413 662 742 722 Brumabu’
779 664 900 722 tuis
948 665 1249 723 comitans
1286 665 1444 722 bene
1486 663 1602 720 rite
1643 670 1901 738 patrata,

214 747 390 807 Haec
437 756 726 807 nocturna
764 767 956 822 sacra,
1003 749 1275 808 allucens
1316 748 1562 806 comitia
1606 755 1836 821 sancta,

213 834 435 906 Iubile,
481 834 921 911 thyrsigerenS,
970 842 1147 893 coetu
1190 835 1448 892 florente
1493 851 1829 893 serescens.

578 1003 771 1061 Divae
822 1004 1056 1062 Veneris
1106 1005 1387 1080 Volupiae
1432 1022 1681 1061 carmen.
1959 1003 2040 1062 5¹4

216 1085 571 1165 Caeligena,
611 1087 891 1161 illustris,
937 1089 1164 1161 ridens,
1210 1096 1425 1166 arguta
1459 1087 1789 1158 VenustaS‚

216 1170 594 1249 Spumigena
637 1193 673 1230 o
712 1172 997 1249 genitrix,
1037 1174 1450 1248 pernoctatrix
1494 1172 1859 1243 veneranda,

215 1256 563 1334 Coniugula
595 1265 655 1314 et
689 1266 1004 1331 nocturna,
1054 1267 1113 1315 et
1155 1258 1251 1317 vis
1296 1267 1431 1316 cata
1465 1266 1660 1315 mater
1705 1257 1967 1328 amicae3

216 1342 444 1402 Omnia
486 1361 627 1400 nam
676 1361 756 1400 ex
798 1351 880 1416 te,
922 1351 987 1401 tu
1031 1343 1325 1403 invexisti
1362 1343 1607 1400 foedera
1648 1341 1884 1400 mundi:

212 1428 293 1485 Et
331 1428 514 1485 trium
556 1427 690 1484 iura
733 1436 903 1486 tenes
948 1430 1298 1501 Mortarum,
1339 1435 1554 1486 cuncta
1596 1427 1889 1504 genisque

215 1512 403 1572 Omni
442 1511 659 1584 modis,
699 1512 849 1570 coeli
891 1521 950 1570 et
994 1513 1176 1570 terrai
1214 1513 1550 1590 frugiferai,

213 1598 296 1656 Et
339 1597 491 1655 salsi
531 1598 759 1669 mundi,
803 1616 1053 1672 praeses
1097 1598 1487 1658 sanctissima
1527 1596 1760 1667 Brumi,

217 1681 672 1742 Concelebrans
718 1681 956 1758 epulae,
1004 1703 1040 1740 ο
1080 1685 1380 1758 pronuba,
1426 1690 1619 1740 mater
1659 1699 1964 1752 amorum„

217 1767 445 1840 Suada,
488 1773 549 1823 et
595 1767 914 1825 strativola
952 1786 1196 1840 arcana,
1245 1777 1305 1826 et
1346 1767 1482 1826 sali'
1525 1764 1924 1837 conciliatrix,

214 1852 391 1925 Visa,
427 1851 646 1925 invisa,
694 1870 901 1910 comas
946 1853 1372 1928 pulcherrima,
1415 1853 1678 1929 patrima
1713 1851 1855 1922 Dia,

218 1936 562 2013 Sponsalis,
606 1937 876 2010 conviva,
927 1937 1129 1995 Deum
1174 1939 1457 2010 Maiesta,
1504 1938 1802 2012 Luperca,

214 2022 510 2080 Prolifica
550 2030 610 2079 ct
649 2022 896 2095 Vituna,
939 2023 1166 2093 virosa,
1212 2022 1520 2081 Lubentia
1561 2029 1768 2080 mater.

219 2107 506 2183 Quaeque
549 2117 746 2166 arctas
788 2109 1059 2167 homines
1103 2110 1496 2187 compagibus
1539 2108 1984 2179 illecebrarum,

216 2193 298 2252 Et
341 2212 533 2270 genus
581 2212 761 2251 omne
806 2195 1178 2252 animantum
1226 2203 1472 2252 aeterno
1514 2194 1759 2251 volnere
1795 2193 2050 2264 amoris;

216 2279 408 2337 Adsis
449 2278 834 2355 caprigenum
875 2297 1168 2356 sanguen,
1218 2280 1346 2338 sive
1390 2279 1545 2336 atria
1586 2277 1755 2347 Coeli

218 2364 340 2422 Dia
376 2364 626 2439 premis,
669 2363 876 2421 ridens
913 2365 1128 2440 regina
1160 2364 1419 2421 micante
1452 2362 1704 2434 labello,
1809 2384 1822 2389 “

221 2449 543 2506 Turiferae
585 2446 795 2508 Surias
839 2466 947 2506 seu
987 2447 1211 2507 lustras
1255 2449 1480 2524 templa
1525 2448 1726 2518 beata,

223 2532 368 2593 Sive
409 2534 474 2592 in
516 2534 880 2607 aequoribus
930 2534 1125 2608 campi
1175 2533 1618 2608 splendentibu’
1660 2530 1819 2608 bigis

219 2618 485 2694 Propter
527 2619 759 2676 habens
802 2627 1059 2695 augusta
1095 2618 1362 2677 Melonis
1404 2618 1654 2675 flumina
1696 2615 1903 2693 opimi,

220 2703 339 2762 Vel
378 2704 433 2763 si
468 2703 774 2762 littoribus
811 2704 1014 2779 pullis,
1058 2722 1249 2779 prope
1291 2720 1591 2760 marmora
1634 2700 1799 2777 ponti

224 2786 563 2847 Coelituum
606 2788 834 2865 gaudes
876 2788 1040 2846 Diva
1085 2784 1486 2846 exultantibu'
1529 2786 1748 2858 turbiS,

222 2876 349 2932 Aut
393 2874 575 2931 etiam
616 2873 888 2932 tremulis
935 2874 1106 2948 pusis
1147 2874 1214 2930 in
1256 2873 1527 2950 gramine
1574 2879 1772 2928 terrae

221 2958 530 3018 Littoreos
574 2958 652 3015 ad
695 2957 977 3034 pulvinos
1026 2977 1159 3016 cum
1207 2966 1495 3034 praepete
1537 2975 1735 3028 curru,

225 3042 371 3105 Sive
410 3044 474 3102 in
521 3041 723 3119 Cupro
768 3051 958 3101 matre
1006 3050 1132 3116 tua,
1176 3044 1282 3101 ubi
1324 3043 1439 3100 rite
1482 3042 1765 3100 novellae

225 3130 318 3187 Te
367 3147 590 3204 puerae
629 3128 940 3204 innuptae,
987 3136 1048 3186 et
1089 3136 1338 3204 nuptae,
1382 3127 1658 3186 formosa
1692 3122 2018 3201 quotannis

227 3212 681 3272 Concelebrant
720 3214 933 3290 regina
970 3221 1156 3288 atque
1179 3213 1506 3289 indigetem
1531 3212 1730 3270 Deum
1754 3210 2052 3269 Adonem.

224 3299 366 3358 Huc
409 3300 577 3358 adsis
622 3317 874 3374 compos
920 3298 1253 3373 spectandi,
1296 3298 1458 3355 Diva
1493 3296 1749 3373 leporiS,

224 3384 388 3444 Nam
436 3403 586 3460 pura
629 3393 688 3442 te
730 3391 931 3442 mente
984 3383 1120 3460 colo
1166 3382 1571 3460 precibusque
1614 3378 1870 3456 pudicis.
