2452 4186
1252 302 1369 362 114

397 471 550 532 Sero
596 479 906 547 parentem
945 477 1005 527 te
1044 470 1240 529 fuisse
1283 471 1531 548 cogitas.

395 555 589 630 Quem
627 576 748 614 non
790 556 1013 614 habere
1060 555 1367 615 sentiebas
1410 563 1469 614 te
1510 556 1702 633 prius,

394 640 748 700 Amissione
789 641 843 699 is
891 639 1088 700 carior
1131 640 1326 698 factus
1370 640 1480 699 tibi
1525 649 1637 699 est.

398 726 581 801 Quod
627 726 681 785 si
722 725 784 782 in
830 725 1104 783 dolorem
1146 724 1235 782 nil
1277 725 1453 782 amici
1494 743 1824 801 possumus

395 813 520 870 Aut
560 810 937 884 alloquend0,
984 819 1087 867 aut
1128 810 1521 885 increpando:
1565 818 1628 867 at
1665 828 1883 869 aureus

396 895 546 956 Flos
593 894 940 966 liberorum,
988 896 1091 969 qui
1135 903 1449 971 superstes
1493 903 1731 953 mortuo
1773 903 1889 968 est,

397 979 820 1053 Quotidianam
861 978 1063 1037 demat
1104 979 1561 1055 aegrimoniam.

399 1063 637 1123 Gnatus
679 1064 996 1140 ademptos
1041 1064 1139 1138 qui
1179 1064 1360 1122 nimis
1404 1065 1731 1136 desiderat,

398 1148 738 1209 Iniuriosus
785 1148 848 1207 in
891 1148 1137 1206 relictos
1180 1156 1277 1207 est
1315 1158 1507 1224 pater.
1678 1146 1683 1151 ’

407 1318 503 1377 14.
592 1318 766 1393 Quae
808 1338 923 1377 non
971 1318 1319 1392 relinquunt
1362 1317 1630 1395 corporis
1679 1318 1955 1395 vestigia,

399 1401 539 1462 Non
582 1422 735 1477 quae
781 1403 1017 1462 otiosos
1065 1402 1316 1460 culcitae
1363 1403 1710 1475 absorbent,
1756 1421 1915 1475 ama,

399 1488 572 1562 Quos
612 1488 897 1547 anserina
941 1488 1201 1545 molliter
1246 1488 1357 1546 sub
1403 1487 1687 1564 stragulis
1752 1503 1759 1512 ’

399 1572 670 1631 Medulla
714 1573 920 1630 condit
962 1572 1026 1630 in
1071 1572 1391 1648 sepulchro
1429 1572 1687 1648 plumeo·

401 1652 583 1730 Tun',
624 1656 905 1715 militanti
948 1657 1045 1714 cui
1085 1656 1419 1733 parabilem
1467 1664 1666 1715 torum

399 1741 642 1800 Humus
690 1742 1010 1812 ministret,
1066 1750 1248 1816 atque
1297 1741 1557 1799 cervical
1598 1742 1794 1801 silex:

402 1826 600 1902 Quem
644 1826 944 1885 sustinere
982 1827 1094 1884 sub
1141 1826 1290 1884 Iove
1335 1844 1407 1883 ac
1452 1828 1563 1885 sub
1610 1827 1872 1902 pellibus

399 1911 634 1970 Palude
672 1930 873 1983 caesa,
917 1910 1013 1968 vel
1057 1910 1328 1986 maniplo
1374 1911 1611 1983 cariciS,

402 1995 603 2073 Caput
637 1995 863 2053 recline
908 2005 1085 2072 coget
1131 2015 1434 2053 armorum
1478 1997 1676 2068 labor,

399 2081 668 2141 Pulvilla
699 2080 868 2153 laxa,
914 2080 1093 2140 molle
1132 2088 1465 2140 tomentum
1509 2083 1737 2158 premis

400 2167 607 2225 Durae
644 2166 987 2243 palaestrae
1030 2166 1325 2224 dedicatis
1369 2168 1616 2226 artubus
1635 2167 1664 2225 P
1714 2212 1717 2215 -

401 2252 609 2310 Labor
648 2252 761 2310 tibi
800 2270 866 2309 se
910 2252 1195 2323 vindicat,
1236 2270 1359 2308 non
1402 2251 1610 2309 otium.

403 2335 716 2396 Structura
753 2336 894 2393 lecti
938 2345 1032 2394 est
1077 2344 1368 2407 stramen,
1416 2326 1598 2412 atque
1640 2335 1875 2395 culcita.

401 2421 575 2480 Haec
619 2422 959 2499 partiantur
998 2422 1208 2493 otium,
1256 2429 1316 2478 et
1360 2421 1539 2480 labos
1582 2421 1718 2480 sibi.

404 2504 499 2567 Sit
540 2507 651 2565 hoc
695 2506 942 2576 laboris,
985 2506 1094 2563 illa
1114 2506 1305 2584 ‚cedat
1344 2506 1479 2564 otio·

409 2676 535 2734 15.·
591 2677 868 2734 Marcore
914 2694 1133 2752 segnes
1177 2683 1357 2750 atque
1398 2675 1591 2733 omasi
1641 2674 1879 2733 sarcina

404 2759 679 2836 castigat
720 2766 885 2817 artus
926 2760 1135 2836 regula
1175 2768 1233 2817 et
1273 2759 1612 2837 frugalitas,

403 2844 565 2902 Male
600 2843 913 2902 tussientis
952 2845 1229 2901 corticem
1270 2843 1615 2920 corpusculi

401 2929 626 2988 Diaeta
665 2928 951 2999 inaudax,
990 2928 1321 3004 viriumque
1363 2929 1646 2987 conscius

401 3014 612 3072 Victus
659 3021 873 3070 tuetur.
915 3011 1092 3070 Vitae
1132 3013 1473 3073 inoffensus
1519 3022 1690 3071 tenor

401 3101 646 3176 Integra
684 3099 954 3156 membra
996 3098 1158 3155 ducit
1197 3099 1275 3156 ad
1315 3098 1542 3156 calcem
1578 3097 1870 3169 ultimam,

405 3181 475 3244 Si
510 3184 597 3242 nil
638 3184 883 3242 iuventa
924 3183 1110 3241 stulta
1153 3184 1450 3242 conscivit
1495 3182 1635 3253 sibi,

401 3269 644 3327 Effocta
683 3268 953 3326 membra
996 3286 1100 3326 cur
1144 3276 1425 3327 senectae
1464 3267 1746 3325 traderet.

404 3351 606 3425 Quare
646 3352 902 3412 lacessis
946 3354 1257 3427 questibus
1305 3353 1538 3411 caelum
1586 3351 1727 3422 tuiS,

406 3437 587 3513 Quod
624 3437 815 3496 dubia·
846 3445 907 3495 et
943 3456 1168 3515 anceps
1211 3436 1662 3497 fluctuat-salus
1699 3436 1832 3509 tibi,

406 3522 606 3598 Quum
648 3521 926 3581 sanitatis
967 3524 1223 3599 quisque
1260 3524 1342 3582 sit
1383 3523 1556 3581 faber
1600 3520 1792 3580 suae?
1866 3552 1869 3553 ν
