2452 4186
1222 313 1349 373 308

324 532 328 537 ,
385 483 528 540 Tec.
573 480 713 540 Non
757 481 955 540 credis
979 485 1222 542 autem?
1286 485 1384 543 Ai.
1429 483 1558 540 Iam
1590 482 1770 541 nimis
1793 482 2057 558 loqueris
2089 484 2213 542 diu.

389 568 531 626 Tec.
574 565 736 625 Nam
778 566 959 624 timor
997 565 1217 646 adegit.
1261 569 1380 627 Ἀί.
1420 568 1594 626 Intus
1638 569 1794 624 hanc
1827 568 2142 627 includite.

387 653 531 710 Tec.
577 651 869 729 Reprime
897 659 979 725 te,
1003 656 1234 713 amabo.
1279 655 1377 713 Ai.
1426 652 1625 714 Stulta
1660 672 1801 711 vero
1828 673 1894 713 es
1919 654 2219 728 foemina,

250 737 353 792 595
392 736 459 798 Si
502 755 659 795 nunc
703 755 949 795 movere
994 741 1229 816 cogitas
1278 739 1541 797 animum
1579 757 1792 797 meum.

1061 823 1322 900 Stropha
1367 825 1550 883 VIII.

326 973 328 977 y
390 905 500 966 Ch.
587 905 852 964 Illustris
896 903 1182 982 Salamis,
1231 911 1410 967 beata

391 992 485 1050 Tu
529 991 1041 1063 nunchabitaris,
1087 1001 1148 1052 et
1187 994 1343 1052 felix

392 1075 664 1148 Cunctis,
707 1074 1084 1150 celebrisque
1125 1079 1379 1138 cunctis.

389 1162 524 1239 Ego
568 1168 788 1232 autem,
836 1179 968 1237 eg0.
1013 1162 1220 1223 imma·
1303 1198 1304 1201 =

393 1266 499 1304 -ne
544 1254 791 1321 tempus
823 1245 992 1317 abiit,
1034 1251 1221 1308 miser

391 1332 489 1390 Ex
533 1350 652 1405 quo
695 1331 794 1387 hic
835 1330 1038 1390 Idaeis

391 1418 467 1475 In
512 1416 783 1492 pascuis,
827 1415 1010 1490 inque
1054 1420 1241 1477 ubere

392 1500 646 1561 Nutrice
691 1519 938 1577 gregum
985 1520 1259 1577 pet-enno
1300 1504 1507 1575 herba,

393 1588 694 1646 Morarum
736 1585 1083 1662 impatiens,

393 1672 617 1731 Malam
669 1689 838 1746 spem
879 1671 1182 1732 refovens·

398 1755 468 1817 Si
503 1755 744 1831 quidem
788 1755 922 1827 erit,
965 1767 1032 1817 ut
1070 1777 1245 1837 agam
1291 1759 1389 1815 hic

393 1841 621 1900 Procul
670 1840 928 1898 animam

394 1927 751 1997 Inhonorus,
798 1944 1042 2001 exspes.

722 2026 724 2028 ’
989 2011 1376 2086 Antistropha
1424 2010 1623 2068 XIII.

399 2097 563 2172 Quin
607 2103 668 2152 et
707 2093 1004 2171 perditus,
1047 2116 1231 2174 aeger
1272 2097 1431 2154 Aiax

394 2181 485 2241 Mi
529 2199 673 2238 cura
715 2178 982 2238 secunda
1019 2181 1317 2254 inhaeret,
1357 2182 1512 2257 proh

393 2266 623 2326 Divino
667 2263 928 2341 agitatus
975 2274 1170 2339 aestu,

395 2351 714 2411 Profectus
756 2369 832 2407 ex
874 2357 936 2407 te

398 2438 695 2507 Antehac,
735 2435 902 2511 prius
949 2434 1191 2513 inclytis

400 2520 804 2598 Praepollens
843 2522 1058 2580 armis:

402 2606 586 2666 Nunc
634 2606 806 2664 avius
853 2606 1072 2665 mentis
1112 2623 1260 2664 suae

405 2691 548 2753 Suis
595 2691 767 2750 dolor
811 2691 1014 2749 extitit
1056 2709 1331 2768 magnus.

359 2846 366 2853 ,
402 2777 622 2836 Priora
656 2775 980 2833 omnidomi

404 2862 535 2920 Viri
581 2868 758 2939 gesta
797 2879 979 2918 manu

405 2946 752 3012 Memoriter
796 2945 995 3003 animo

402 3032 669 3110 Profuga
709 3030 885 3088 malis

407 3117 693 3177 Cecidere
732 3114 982 3175 Atridis.

1000 3200 1059 3258 2.
1103 3199 1364 3276 Stropha
1402 3197 1638 3255 XIIII.

411 3284 533 3346 Sed
579 3304 711 3342 cum
747 3286 1064 3345 vetustatis

410 3370 632 3432 Obsita
668 3377 964 3447 tempore,

409 3455 596 3516 Canis
640 3462 701 3512 et
739 3457 914 3514 annis
1195 3513 1202 3519 .

408 3540 659 3604 Audibit
691 3559 841 3599 anus
882 3557 1105 3617 parens
1154 3540 1313 3597 hunc
