2452 4186
1272 285 1396 345 368

438 448 760 509 Certamen
801 451 959 509 acris
1000 464 1392 512 conserentes
1436 454 1673 532 praelii,

435 535 768 611 Pisamque
814 537 1082 612 capiunt,
1124 546 1183 595 et
1224 540 1571 614 relinquunt
1612 538 1816 597 omnia

285 624 421 679 1360
438 620 739 678 Praedam
793 622 978 679 duelli
1017 622 1248 699 iugera,
1300 625 1547 683 Umbris
1592 625 1811 682 finibus

432 706 791 782 Propinqua
840 715 898 763 et
938 707 1186 783 Alpium
1234 710 1461 786 iugosis
1508 710 1766 767 arcibus.

434 791 632 848 Litem
677 810 991 865 supremus
1034 795 1216 852 torris
1264 795 1570 869 antiquam
1611 793 1851 864 excitat,

439 875 603 935 Olim
648 877 923 951 sepultos
969 876 1213 953 ignibus
1256 879 1532 938 animans
1576 896 1787 955 rogos,

434 961 771 1034 Postquam
807 961 1101 1037 Pelasgos
1144 964 1490 1022 haurientes
1535 962 1853 1039 Rhyndaci

285 1052 417 1106 1365
438 1044 780 1121 Conspexit
812 1046 980 1104 urnis
1023 1047 1084 1104 in
1130 1050 1465 1125 peregrinis
1514 1067 1750 1123 aquam.

433 1130 780 1207 Lymphata
823 1138 886 1187 at
927 1131 1036 1188 illa
1082 1133 1350 1192 efferatis
1397 1136 1683 1191 aestubus

435 1215 826 1291 Triplamque
869 1217 1378 1292 quadruplamque
1422 1218 1744 1276 vindictam
1787 1216 2030 1287 inferet,

434 1301 673 1377 Magnis
713 1300 904 1359 ruinis
949 1301 1116 1360 littus
1158 1304 1475 1361 adversum
1517 1303 1833 1378 impetens.

400 1385 765 1459 .Aderitque
809 1386 1036 1460 primus
1082 1388 1179 1445 hic
1226 1387 1358 1446 Iovi
1406 1388 1708 1463 Lapersio

283 1471 417 1524 1370
438 1469 951 1547 Cognominisque
1001 1480 1060 1529 et
1096 1472 1438 1549 Fulguritor
1478 1473 1772 1549 Iuppiter,

435 1555 607 1613 Telis
650 1555 914 1614 trisulcis
957 1557 1228 1615 hosticas
1269 1558 1642 1633 flam[1n]ans
1681 1559 1924 1616 domos:

433 1639 687 1713 Quicum
733 1640 872 1716 ipsa
915 1641 1157 1713 moriar,
1194 1642 1378 1717 inque
1429 1644 1683 1702 mortuis
1730 1660 1963 1721 vagans

434 1725 608 1783 Tunc
646 1725 887 1782 audiam
927 1726 1051 1782 illic
1091 1727 1219 1798 illa,
1266 1745 1420 1800 quae
1460 1735 1607 1803 post
1657 1728 1927 1804 eloquar.
2033 1793 2034 1796 Ἴ

436 1809 559 1870 Sed
606 1818 665 1866 et
705 1811 1029 1881 secundus,
1068 1811 1370 1869 interemti
1414 1812 1577 1870 filius

284 1896 508 1954 1375111
553 1903 681 1951 rete
725 1897 875 1952 muti
912 1895 1100 1972 piscis
1146 1897 1363 1954 immiti
1409 1897 1614 1969 mod0‚

438 1980 691 2037 Terram
732 1981 1020 2037 cremabit
1060 1981 1364 2057 hospitem
1406 1982 1629 2040 Medici
1672 1982 1769 2040 dei

438 2064 718 2124 Oraculis
759 2083 893 2121 cum
933 2064 1298 2142 multilingui
1340 2067 1631 2125 exercitu.

435 2153 517 2208 At
561 2168 703 2226 rege
746 2150 1040 2225 lignatore
1083 2152 1296 2209 tertius
1338 2160 1531 2225 satus,

432 2234 709 2311 Figulam
746 2243 1020 2292 recenter
1062 2236 1356 2312 virginem
1394 2237 1831 2300 Branchesiam

285 2325 417 2379 1380
438 2319 695 2380 Glebam
737 2320 994 2378 solutam
1037 2322 1281 2379 flumine
1323 2322 1614 2381 inducens
1661 2324 1777 2381 sibi

436 2406 752 2464 Ten-estre
799 2425 988 2482 egeno
1035 2426 1253 2465 munus
1300 2409 1530 2484 optanti
1575 2408 1739 2479 dare,

432 2492 621 2549 Libro
669 2490 934 2567 sigillum
978 2493 1139 2566 quod
1182 2492 1402 2551 fuisset
1446 2493 1709 2564 conduli‚

433 2578 728 2633 Montana
767 2576 1082 2633 Phthirum
1127 2596 1317 2654 regna
1360 2578 1523 2636 solus
1572 2577 1817 2649 incolet,

434 2660 709 2718 Peditem
750 2662 1076 2719 retundens
1124 2661 1281 2720 Cara
1324 2664 1792 2720 mercenarium:

283 2753 416 2806 1385
436 2745 690 2803 Petulca
735 2765 866 2802 cum
909 2747 1163 2804 nonaria
1205 2748 1444 2824 eugium
1489 2756 1691 2805 terens

431 2830 704 2889 Nictabit
750 2831 894 2888 olim
931 2832 1194 2907 nuptiaS‚
1238 2833 1555 2891 catulliens

435 2917 627 2991 Turpi
667 2917 957 2974 suburrae
1002 2919 1391 2975 barbarorum
1435 2920 1681 2975 nubere.

435 3000 645 3074 Quarti
690 3001 1012 3076 Dymantis
1056 3004 1351 3079 sanguine
1397 3022 1434 3059 a
1471 3001 1811 3072 veterrimo,

432 3086 892 3160 Lacmoniique‚
932 3095 1055 3144 tum
1102 3086 1401 3163 Cytinaei‚
1443 3096 1502 3145 et
1553 3086 1768 3145 Codri:

182 3171 187 3175 ’
285 3179 417 3233 1390
437 3170 555 3244 Qui
598 3171 930 3248 Thingrum
974 3173 1281 3230 habebunt
1319 3181 1379 3230 et
1422 3166 1708 3230 cacumen
1758 3169 2063 3247 Samium,

436 3257 516 3312 Et
559 3257 954 3332 marginalem
998 3257 1238 3334 pristini
1283 3257 1666 3334 peninsulam
1770 3266 1776 3273 ’

435 3341 790 3416 Empandae
834 3342 1078 3399 Educae
1117 3342 1441 3418 plurimum
1484 3342 1666 3400 invisi
1713 3341 1884 3413 deae,

438 3425 639 3484 Patris
682 3427 919 3485 virosae
959 3426 1345 3485 multiformis
1392 3427 1711 3503 scraptiae‚

442 3509 812 3583 Quotidiano
856 3531 1010 3585 quae
1052 3513 1322 3570 libidinis
1362 3512 1530 3569 lucro
