2452 4186
1248 301 1375 363 ²30

403 466 582 551 ἔργον
634 464 741 550 ἔην
783 469 1008 551 κήπου,
1054 468 1194 552 περὶ
1240 469 1310 531 δὲ
1352 466 1720 550 πραπίδεσσι
1754 462 2016 527 κέκαστο

404 550 477 635 ὄρ
524 572 634 620 ους
675 574 771 615 τοι
806 551 1087 635 κομέειν,
1137 554 1241 615 καὶ
1292 551 1610 635 σπέρματα
1654 551 1852 614 πάντα
1899 547 2216 633 βαλέσθαι,

401 657 482 699 κα
550 635 843 720 κομιδῇσι
887 637 955 701 τὸ
999 640 1163 720 νᾶμα
1200 635 1597 721 περικτιόνων
1646 636 1992 720 ὀχετεῦσαι.

401 721 1120 874 ἒῖἷίἓβέλὲῗ”λέῗιῖἲῖῗ’
1136 721 1670 889 κῖἲαέῗῗὲρὶλξυξῖ
1688 715 2217 887 “εἶῖὶῖ(ζᾶφό”“’

398 889 664 972 κωδείης
693 841 973 973 ’κρόμυον
1015 850 1090 953 τε,
1130 892 1519 976 φερώνυμον,
1571 887 1671 973 ἠδ’
1753 886 2055 971 ρέβινθος,

398 973 502 1037 καὶ
543 974 754 1056 μ’κων
799 979 1074 1081 ψυχρῇσι
1116 975 1519 1060 καρηβαρίαις
1556 971 1932 1054 πολυαλγὴς,

401 1058 591 1141 δαψιλ
632 1080 715 1121 ων
757 1080 824 1120 τε
864 1065 1107 1142 τεκμωρ
1151 1061 1190 1142 ἡ
1235 1059 1494 1143 θριδάκη
1525 1057 1922 1132 εἰλαπινάων,
2110 1139 2113 1142 ¹

402 1141 678 1223 ὀγκῶδές
721 1140 777 1205 τ’
833 1142 932 1205 ἐπὶ
972 1144 1186 1228 γαστρὶ
1225 1141 1596 1226 κυϊσκομένη
1640 1139 2001 1222 κολοκύντη.

397 1227 728 1373 ἶῗοῗσῖήὲἶ
764 1227 1018 1375 ξῗθθῗζ.
1040 1227 1114 1375 ⁰}
1145 1230 1283 1374 (3⁶2
1306 1224 2180 1376 'ff‘paffgkffssss‘i‘ssssaffw59

399 1394 582 1457 ὤνιον
631 1336 1338 1482 ἐμπεράέωνολαέάνωμν
1380 1335 1650 1479 ἰώμυθια
1692 1393 2014 1478 φέρεσκεν.

399 1477 552 1542 ἔνθα
596 1478 850 1563 δόμονδ’
900 1479 1258 1567 ἀπόφορτος
1306 1481 1501 1565 ἀνήϊε,
1538 1479 1796 1562 κέρματι
1836 1478 2091 1563 βρίθων,

402 1564 565 1646 μηδὲ
608 1566 1050 1647 κρεωπωλείου
1099 1565 1356 1649 ἐδητύος
1395 1564 1819 1650 ἀντιβολήσας.

396 1646 739 1731 κρόμμυον,
778 1650 895 1754 ήὸὲ
936 1650 1196 1734 πράσοιο
1243 1650 1658 1735 περισχίστοιο
1706 1647 1908 1728 ἀλωὴ,
1982 1667 1991 1670 “

397 1732 569 1816 ῥῖνας
610 1732 1132 1818 ἐπιστυφοντα·τε
1176 1735 1467 1817 κάρδαμα
1510 1732 1687 1816 λιμὸν
1733 1730 1989 1809 ἄλαλκε,

397 1816 706 1884 εἱλίποδες
744 1823 1071 1903 κιχορεῖαι,
1116 1818 1404 1901 ἐΰζωμόν
1449 1842 1515 1881 τε
1555 1818 1837 1902 θοραῖον.

394 1901 1266 2071 ἰὲἷατὲτῗρξρέᾅξζῒέαὑέἒξὶ
1298 1902 1840 2071 ἒζδὸζρῗέἔὶῗζῖἕ
1876 1899 2157 2069 ἲῖζξξῖἒς

394 2067 623 2154 γηόθεν
671 2069 1099 2156 αὐτοκόμοισιν
1146 2070 1266 2155 ἅμ’
1311 2072 1684 2155 αἰγλίθεσσιν
1730 2072 2001 2152 ἀποσπᾷ.

395 2154 499 2217 καὶ
543 2154 724 2238 ρυτὴν
762 2158 1055 2241 χλοερὴν,
1103 2157 1513 2264 βραχόφυλλα
1557 2178 1624 2218 τε
1665 2157 1838 2219 τῖλλε
1879 2153 2113 2231 σέλινα,

396 2239 501 2302 καὶ
542 2239 832 2321 κορίαννα
876 2240 1135 2325 κρόκῃσι
1182 2262 1455 2325 κατηρεα
1493 2239 1890 2324 λεπταλέησι.

394 2322 497 2386 καὶ
540 2322 678 2387 τάδ>
726 2324 1149 2409 ἀμερξάμενος
1188 2350 1304 2411 περ
1350 2326 1444 2389 ἐπ’
1495 2323 1834 2409 ἐσχαρόφιν
1886 2322 2170 2407 ἐκάθητο.

397 2407 643 2490 δμωΐδα
688 2410 753 2472 δ’
801 2411 1044 2481 αἰτίζων
1090 2411 1353 2495 εὐεργέα
1396 2411 1586 2494 ὅλμον
1637 2411 1831 2472 ἀϋτεῖ.

395 2491 582 2569 dvj&
623 2497 889 2578 χιτῶνας
935 2494 1156 2580 ἄτερθε
1199 2494 1635 2580 πολυπτυχέας
1683 2493 1954 2578 ἀπόερσε

397 2578 616 2661 φλοιὸν
664 2578 1004 2660 ἀνιέμενος,
1051 2581 1170 2643 ἀπὸ
1221 2581 1292 2643 δὲ
1333 2579 1521 2664 ῥύπον
1565 2580 1680 2662 ἧκε
1720 2579 1968 2662 χαμάζε

391 2661 695 2739 κωδειῶν,
743 2663 973 2749 βόλβοο
1011 2686 1078 2727 τε
1120 2664 1520 2749 κεβληγονίην
1565 2664 1801 2747 ἐδίηνεν

397 2743 583 2808 ὕδασ’
637 2746 699 2808 ἐν
747 2748 1050 2830 ἀγρώστει
1099 2747 1453 2831 εἰλημένου,
1495 2748 1557 2810 ἐν
1607 2748 1664 2811 δ’
1716 2745 1949 2831 ἐφέηκε

394 2829 630 2892 λάκτιδι
667 2831 881 2915 λαϊνέῃ
929 2832 1234 2917 χόνδρους
1288 2833 1440 2900 ἁλὸς
1490 2831 1726 2916 ἄμμιγα
1768 2832 2049 2896 πάσσων.

396 2913 460 2976 ἐν
508 2915 564 2977 δ’
609 2914 733 2999 ἄρα
774 2917 1176 3001 τυροτάριχον
1224 2917 1385 2998 ὁμοῦ
1434 2918 1720 3001 βοτάναις
1766 2915 2037 2998 ἐπίηλεν,

394 2999 543 3082 λαιῇ
590 3004 838 3083 σπεῖρον
885 3001 1044 3063 ἑλὼν
1094 3002 1411 3085 βουβῶνος
1454 3002 1605 3085 ὑπὲρ
1653 3001 1916 3067 λασίοιο.

395 3083 664 3168 δεξιτερὴ
708 3084 766 3147 δ’
817 3084 1026 3169 ὑπέρῳ
1074 3084 1386 3169 σκορόδων
1433 3084 1617 3169 μένος
1661 3086 1847 3169 ἁδρὸν
1895 3083 2117 3167 ἀλήθει

395 3166 722 3252 ἀμφόρδην
772 3170 1123 3252 μιγάδεσσιν
1160 3170 1586 3255 ἐπιψώχοντος
1632 3172 1855 3233 ὀποῖσι.

390 3256 576 3336 χεῖρα
619 3253 678 3315 δ’
730 3254 1260 3340 ἐπιστρωφῶντος,
1303 3255 1405 3316 ἑὸν
1453 3253 1637 3338 μένος
1682 3254 1785 3324 ὀξὺ
1833 3253 2085 3316 λέλοιπε

389 3336 567 3398 πάντ’
618 3335 858 3421 ἄμυδις,
901 3339 1012 3422 μία
1055 3339 1112 3402 δ’
1157 3339 1225 3402 ἐκ
1263 3340 1513 3401 πολλῶν
1550 3338 1890 3423 ἐπενήνοθε
1927 3338 2137 3442 χροιὴ,

393 3418 467 3482 οὐ
508 3421 657 3504 μάλ’
705 3421 1091 3508 ὁλόχλωρον,
1142 3422 1411 3507 θρόμβοι
1455 3424 1510 3486 δ’
1558 3423 1715 3507 ἦσαν
1755 3425 2135 3505 γλαγοεντες,

391 3503 467 3568 οὐ
512 3504 862 3589 γλαγόεσσα
909 3507 980 3570 δὲ
1022 3509 1298 3590 πάμπαν,
1352 3507 1486 3570 ἐπεὶ
1523 3508 1718 3593 χλόος
1758 3507 2149 3592 ἀμφιδεδήει.
