2452 4186
1232 320 1353 379 392

381 492 756 552 Fluminibus
802 490 925 547 leni
970 496 1029 547 et
1070 490 1376 566 praesenti
1420 488 1668 547 numine
1710 488 1951 547 adesse.

384 661 462 719 44
578 659 819 718 Carmen
867 660 1139 717 Bassarii
1176 659 1374 715 Patris
1410 659 1619 715 Brumi
1665 658 2011 717 Trieunalis.

384 745 571 804 Liber
613 744 712 802 ted
751 764 879 816 or0,
925 751 1054 803 sate
1091 743 1365 813 fulmine,
1407 742 1687 819 corniger
1724 742 1914 814 adsis,

380 830 668 901 Bassare,
712 828 937 887 Brume
977 836 1172 905 pater,
1213 827 1453 885 celeber
1494 827 1665 885 Deus
1705 827 2122 902 induperator,

383 913 576 987 Quem
621 913 923 971 oblectant
967 932 1171 985 enses,
1210 913 1463 989 pilenta,
1502 931 1829 986 sacraeque
1870 912 2212 986 ministrae,

379 999 458 1058 In
501 997 672 1057 coelo
714 998 1000 1071 vitulam,
1046 1000 1288 1070 insane,
1336 998 1682 1074 crepicrepe
1727 997 1976 1070 Brume,

381 1084 711 1142 Instinctor
746 1084 1001 1157 furiose,
1050 1083 1352 1160 supremis
1394 1101 1617 1140 numen
1664 1083 1953 1140 honorum

382 1168 718 1243 Terraique
759 1187 971 1227 sacrae
1017 1168 1378 1227 mortalibus
1416 1166 1842 1237 inducolonis;

383 1254 570 1314 Adsis
620 1254 843 1331 gaudia
883 1254 1044 1312 laeta
1086 1254 1291 1311 ferens
1336 1252 1706 1312 salisubsule
1748 1252 1887 1310 Die.

388 1423 471 1481 45
773 1423 1009 1481 Velabri
1049 1423 1249 1482 Patris
1290 1424 1572 1498 suffimen,
1612 1440 1845 1478 manna.

383 1507 714 1566 Velabrum
756 1526 1012 1566 veneror
1054 1516 1336 1567 votorum
1377 1508 1486 1564 hoc
1532 1525 1779 1563 munere
1821 1513 2076 1580 patrem,

382 1592 735 1666 Mustidum,
780 1602 840 1650 et
875 1594 1197 1666 investem,
1241 1593 1482 1651 florenti
1521 1598 1770 1667 pectore
1816 1589 2140 1649 Brumum:

384 1675 654 1736 Crinitae
698 1678 978 1751 Veneris,
1023 1697 1362 1752 numenque
1405 1676 1640 1734 illustre
1683 1675 1972 1747 vitarum,

385 1762 507 1837 Qui
545 1782 767 1821 numen
810 1763 983 1822 lucos
1025 1763 1250 1821 virides
1294 1763 1450 1839 pede
1494 1759 1857 1837 persultanti

381 1846 720 1926 Pervolgas
769 1867 899 1905 cum
945 1849 1204 1907 vesanis*
1234 1842 1482 1906 vesanu'
1525 1846 1788 1904 virabus.

381 1929 545 2003 Quin
591 1940 651 1990 et
693 1932 953 1991 consilio
996 1934 1161 1991 Iovis
1210 1933 1289 1990 ad
1329 1929 1756 2006 Proserpinam
1798 1929 2083 1989 alumnus

387 2017 576 2074 Actus
623 2017 885 2089 crevisti,
931 2024 1159 2074 tremor
1201 2016 1631 2074 immortalibu'
1675 2014 1887 2084 Divis;

384 2099 485 2160 Sis
529 2100 700 2173 felix,
745 2109 803 2158 et
846 2110 1039 2159 macte
1079 2102 1215 2160 fuas
1265 2104 1381 2159 hoc
1419 2120 1668 2159 munere
1712 2118 1904 2159 sacr0.

384 2268 464 2327 46
558 2269 900 2328 Columellae
921 2289 1020 2328 seu
1054 2272 1377 2329 Telamonis
1398 2271 1599 2328 Patris
1617 2271 1899 2345 suffimen,
1923 2280 2211 2328 aromata.

381 2354 576 2414 Elicio
619 2353 908 2413 Brumum
955 2353 1375 2429 Columellam,
1423 2356 1824 2426 vitisatorem,

382 2436 638 2498 Aedibu’
683 2438 1027 2512 CadmaeiS,
1072 2441 1173 2516 qui
1221 2442 1443 2498 circum
1481 2459 1709 2516 perque
1754 2452 2010 2516 vagatus

383 2522 583 2583 Subiit
622 2543 773 2584 onus
821 2533 1187 2598 constanter,
1244 2535 1442 2584 terrae
1486 2524 1768 2583 incendia
1805 2524 2091 2599 placans;

383 2607 537 2668 Cum
582 2628 739 2687 vaga
782 2610 1145 2668 inundarent
1185 2613 1561 2669 flammarum
1601 2609 1847 2667 flumina
1891 2617 2115 2669 terram

382 2692 754 2753 Turbinibus
799 2694 1035 2768 calidis,
1080 2696 1180 2753 hic
1225 2703 1439 2753 cuncta
1475 2694 1714 2754 ruentia
1752 2693 1942 2753 fulsit.

381 2777 521 2837 Huc
564 2779 731 2838 adsis
776 2781 995 2838 mentis
1034 2781 1255 2838 ridenti
1292 2780 1514 2838 Brume
1552 2780 1781 2855 lepore.

383 2947 463 3005 47
781 2947 929 3007 Sabi
963 2950 1161 3007 Patris
1199 2951 1480 3023 suffimen,
1520 2957 1801 3006 aromata.

381 3030 501 3090 Dic
549 3030 710 3093 Sabe
758 3034 1160 3109 omnipotens,
1205 3034 1346 3092 audi
1396 3033 1684 3094 Saturnia
1721 3031 1956 3108 proleS,

383 3116 505 3193 Qui
514 3116 803 3175 Brumum
817 3118 1116 3177 Bacchum
1130 3127 1499 3195 ,streperunu
1515 3118 1884 3189 insubulum,
1898 3116 2216 3177 inseruisti

378 3201 455 3259 In
498 3202 745 3276 femore,
801 3212 868 3261 ut
907 3204 1008 3278 qui
1049 3205 1332 3278 postidea
1375 3212 1644 3262 maturus
1688 3202 1883 3260 adiret

379 3286 456 3343 In
495 3285 771 3345 Tmolum
814 3296 1109 3360 sanctum,
1156 3291 1264 3348 ubi
1302 3289 1567 3347 habebat
1603 3288 1856 3363 Equiria
1901 3286 2169 3364 polchra.

379 3368 584 3443 Quare
623 3393 661 3430 o
700 3374 838 3431 Rex
885 3373 1167 3450 Frugias,
1207 3393 1522 3451 procerum
1568 3372 1725 3431 coeli
1759 3372 2179 3449 induperator,

379 3456 548 3515 Mitis
593 3457 763 3529 ades,
807 3458 1177 3518 antistitibus
1219 3459 1443 3518 solatia
1488 3465 1825 3535 praestans.
