2452 4186
1070 321 1191 380 317
1262 409 1286 415 ἢ

220 490 497 549 Haerens
544 492 848 566 humoque
889 490 1048 549 fixus
1095 494 1263 552 ensis
1313 493 1526 569 arguit.

837 577 895 633 3.
944 575 1204 652 stropha
1251 578 1432 636 VJJJ.

221 657 328 718 Ch.
418 659 560 716 Heu
605 659 895 718 miserum
940 680 1167 720 casum.

220 745 391 802 Tene
437 745 771 803 cruentasti

217 829 567 888 Amicorum
615 830 873 888 carens?

215 915 424 992 Egone
469 934 543 972 eo
583 933 776 989 usque
820 915 1043 991 stipes:
1089 937 1200 994 ego

215 1000 310 1057 Ita
346 999 668 1076 negligens
705 1000 794 1056 fui
840 1000 1060 1060 huius?

217 1083 358 1155 Hic,
412 1084 512 1141 hic

220 1168 538 1241 Pervicus,
580 1176 757 1243 atque
803 1169 897 1227 sui

220 1254 390 1311 Iacet
435 1253 657 1312 ominis
700 1254 878 1311 Aiax.

222 1339 366 1396 Tec.
450 1337 647 1397 Nefas
690 1339 914 1396 videre.
968 1357 1174 1396 verum
1225 1356 1341 1415 ego
1385 1337 1563 1395 huius
1599 1337 1774 1413 pallii
2085 1334 2189 1387 915

222 1424 440 1482 Totum
483 1422 831 1481 obvolutum
873 1442 1090 1500 corpus
1132 1424 1392 1481 amiectu
1436 1423 1738 1498 obtegam.

219 1508 503 1583 Namque
538 1508 735 1581 illum,
776 1509 1007 1567 amicus
1058 1509 1112 1566 si
1155 1510 1289 1583 quis
1336 1516 1449 1579 est,
1499 1515 1712 1565 contra
1756 1507 1925 1564 obtui

220 1594 367 1652 Non
421 1601 607 1666 queat
645 1594 882 1652 anhelis
921 1593 1297 1651 follicantem
1342 1593 1614 1664 naribus,

220 1680 300 1738 Et
347 1697 427 1734 ex
472 1690 721 1737 cruento
767 1679 1015 1737 vulnere
1064 1686 1260 1736 atrum
1307 1678 1683 1755 sanguinem.

222 1764 363 1822 Heu
411 1762 657 1834 misera,
698 1764 840 1838 quid
877 1764 1099 1841 agam?
1146 1762 1281 1839 quis
1328 1772 1388 1821 te
1431 1762 1761 1821 amicorum
1801 1757 2055 1818 efferet?
2088 1757 2194 1814 920

221 1849 344 1908 Ubi
386 1847 661 1906 Teucer?
705 1850 971 1922 adesset,
1012 1850 1307 1924 siquidem
1353 1849 1619 1921 adesset,
1656 1846 1936 1923 tempori,

225 1933 334 1994 Sui
382 1933 643 1990 cadaver
682 1933 888 1993 fratris
934 1942 1001 1991 ut
1045 1942 1460 2011 componeret.

224 2017 444 2095 Qualis
499 2018 590 2075 vir
633 2020 819 2092 Aiax,
869 2019 1129 2095 qualiter
1171 2020 1358 2078 miser
1386 2019 1573 2090 iaces,

221 2104 638 2164 Miserandum
685 2114 745 2162 et
787 2105 940 2181 ipsis
986 2106 1260 2165 hostibus
1308 2103 1751 2181 spectaculum!

366 2229 373 2236 ·
788 2194 840 2246 1.
886 2191 1273 2267 Antistropha
1317 2193 1514 2249 XIII.

225 2274 334 2334 Ch.
426 2274 672 2331 Labore
713 2293 858 2351 ergo
904 2275 1178 2350 improbo

223 2360 551 2430 Volueras,
599 2359 892 2417 miseriis-

227 2463 373 2520 -que
421 2444 682 2520 fungier,
732 2453 790 2501 et
832 2442 1072 2518 quidem

223 2530 497 2588 Functus
548 2546 634 2586 eS.
688 2547 880 2604 usque
919 2529 1073 2587 adeo

226 2614 379 2672 Mihi
423 2613 575 2670 talia

226 2698 484 2757 Perdius
527 2698 651 2754 acri
691 2698 896 2756 animo

229 2783 547 2843 Gemendo
593 2783 768 2858 signa
811 2782 932 2840 iam
977 2783 1166 2842 dabas

229 2868 552 2940 Hostifica,
601 2876 661 2924 et
707 2887 942 2942 pernox

231 2954 393 3031 Erga
436 2953 689 3012 Atridas
737 2953 941 3013 duceS.

231 3039 323 3097 Ea
365 3039 503 3110 fuit,
547 3057 620 3095 ea
663 3037 819 3097 labis

231 3123 528 3200 Princeps
567 3123 731 3181 dies:
777 3140 930 3197 quae
972 3120 1137 3177 dedit

233 3208 529 3267 Iudicium
575 3226 712 3265 acre
755 3208 875 3265 vir-
992 3253 996 3258 ,

237 3295 407 3353 -tutis
451 3303 512 3350 et
560 3311 705 3369 ergo
751 3290 1008 3349 Achillis
1060 3308 1230 3347 arma
1275 3288 1539 3347 tradidit.

237 3378 379 3436 Tec.
438 3379 640 3436 Eheu!
977 3395 987 3406 ‘

240 3461 345 3521 Ch.
438 3462 760 3523 Generosa
803 3481 944 3520 cura
985 3461 1191 3537 penita
1236 3460 1454 3520 transit
1493 3458 1747 3518 viscera.
2060 3455 2164 3510 938

239 3548 379 3607 Tec.
427 3548 629 3607 Eheu!
