<?xml version="1.0" encoding="UTF-8"?>
<!DOCTYPE html PUBLIC "-//W3C//DTD XHTML 1.0 Transitional//EN"
    "http://www.w3.org/TR/xhtml1/DTD/xhtml1-transitional.dtd">
<html xmlns="http://www.w3.org/1999/xhtml" xml:lang="en" lang="en">
 <head>
  <title>
</title>
<meta http-equiv="Content-Type" content="text/html;charset=utf-8" />
  <meta name='ocr-system' content='tesseract 3.04.00' />
  <meta name='ocr-capabilities' content='ocr_page ocr_carea ocr_par ocr_line ocrx_word'/>
</head>
<body>
  <div class='ocr_page' id='page_1' title='image "./iosephiscaliger02scalgoog/iosephiscaliger02scalgoog_0078.png"; bbox 0 0 2452 4186; ppageno 0'>
   <div class='ocr_carea' id='block_1_1' title="bbox 1196 307 1277 364">
    <p class='ocr_par' dir='ltr' id='par_1_1' title="bbox 1196 307 1277 364">
     <span class='ocr_line' id='line_1_1' title="bbox 1196 307 1277 364; baseline 0.012 -1"><span class='ocrx_word' id='word_1_1' title='bbox 1196 307 1277 364; x_wconf 90' lang='grc'><strong>76</strong></span> 
     </span>
    </p>
   </div>
   <div class='ocr_carea' id='block_1_2' title="bbox 1086 392 1388 399">
    <p class='ocr_par' dir='ltr' id='par_1_2' title="bbox 1086 392 1388 399">
     <span class='ocr_line' id='line_1_2' title="bbox 1086 392 1388 399; baseline 0 0"><span class='ocrx_word' id='word_1_2' title='bbox 1086 392 1388 399; x_wconf 95' lang='lat' dir='ltr'><strong> </strong></span> 
     </span>
    </p>
   </div>
   <div class='ocr_carea' id='block_1_3' title="bbox 262 472 2169 3605">
    <p class='ocr_par' dir='ltr' id='par_1_3' title="bbox 262 472 2169 3605">
     <span class='ocr_line' id='line_1_3' title="bbox 322 472 1728 532; baseline 0 -2"><span class='ocrx_word' id='word_1_3' title='bbox 322 472 628 530; x_wconf 87' lang='lat' dir='ltr'>Procedit.</span> <span class='ocrx_word' id='word_1_4' title='bbox 673 473 794 529; x_wconf 89' lang='lat' dir='ltr'><strong>iam</strong></span> <span class='ocrx_word' id='word_1_5' title='bbox 837 481 1051 531; x_wconf 88' lang='lat' dir='ltr'><strong>cuncta</strong></span> <span class='ocrx_word' id='word_1_6' title='bbox 1094 474 1210 532; x_wconf 83' lang='lat' dir='ltr'>sibi</span> <span class='ocrx_word' id='word_1_7' title='bbox 1250 473 1525 531; x_wconf 83' lang='lat' dir='ltr'><strong>cedentia</strong></span> <span class='ocrx_word' id='word_1_8' title='bbox 1570 473 1728 531; x_wconf 88' lang='lat' dir='ltr'><strong>votis</strong></span> 
     </span>
     <span class='ocr_line' id='line_1_4' title="bbox 326 558 1970 633; baseline 0 -18"><span class='ocrx_word' id='word_1_9' title='bbox 326 558 588 615; x_wconf 78' lang='lat' dir='ltr'><strong>Metitur.</strong></span> <span class='ocrx_word' id='word_1_10' title='bbox 630 577 782 632; x_wconf 91' lang='lat' dir='ltr'><strong>quas</strong></span> <span class='ocrx_word' id='word_1_11' title='bbox 823 559 1076 633; x_wconf 87' lang='lat' dir='ltr'><strong>quisque</strong></span> <span class='ocrx_word' id='word_1_12' title='bbox 1115 559 1296 616; x_wconf 88' lang='lat' dir='ltr'><strong>avida</strong></span> <span class='ocrx_word' id='word_1_13' title='bbox 1337 578 1444 633; x_wconf 89' lang='lat' dir='ltr'><strong>spe</strong></span> <span class='ocrx_word' id='word_1_14' title='bbox 1487 558 1970 629; x_wconf 57' lang='lat' dir='ltr'><strong>&#39;devoraturbeQ</strong></span> 
     </span>
     <span class='ocr_line' id='line_1_5' title="bbox 325 641 2107 719; baseline 0 -20"><span class='ocrx_word' id='word_1_15' title='bbox 325 641 444 700; x_wconf 91' lang='lat' dir='ltr'><strong>His</strong></span> <span class='ocrx_word' id='word_1_16' title='bbox 494 643 715 700; x_wconf 89' lang='lat' dir='ltr'><strong>servile</strong></span> <span class='ocrx_word' id='word_1_17' title='bbox 759 643 962 719; x_wconf 88' lang='lat' dir='ltr'><strong>iugum</strong></span> <span class='ocrx_word' id='word_1_18' title='bbox 1008 644 1331 714; x_wconf 88' lang='lat' dir='ltr'><strong>intentant,</strong></span> <span class='ocrx_word' id='word_1_19' title='bbox 1388 643 1481 700; x_wconf 89' lang='lat' dir='ltr'><strong>his</strong></span> <span class='ocrx_word' id='word_1_20' title='bbox 1533 642 1732 700; x_wconf 85' lang='lat' dir='ltr'><strong>vincla</strong></span> <span class='ocrx_word' id='word_1_21' title='bbox 1775 643 2107 700; x_wconf 83' lang='lat' dir='ltr'><strong>minantur:</strong></span> 
     </span>
     <span class='ocr_line' id='line_1_6' title="bbox 327 722 1941 804; baseline -0.001 -18"><span class='ocrx_word' id='word_1_22' title='bbox 327 727 628 786; x_wconf 86' lang='lat' dir='ltr'>Omnibus</span> <span class='ocrx_word' id='word_1_23' title='bbox 672 727 944 786; x_wconf 81' lang='lat' dir='ltr'><strong>exitium.</strong></span> <span class='ocrx_word' id='word_1_24' title='bbox 990 727 1123 786; x_wconf 91' lang='lat' dir='ltr'><strong>Nec</strong></span> <span class='ocrx_word' id='word_1_25' title='bbox 1163 749 1282 786; x_wconf 92' lang='lat' dir='ltr'><strong>non</strong></span> <span class='ocrx_word' id='word_1_26' title='bbox 1322 722 1636 804; x_wconf 85' lang='lat' dir='ltr'><strong>poscentia</strong></span> <span class='ocrx_word' id='word_1_27' title='bbox 1679 747 1941 804; x_wconf 90' lang='lat' dir='ltr'><strong>pugnam</strong></span> 
     </span>
     <span class='ocr_line' id='line_1_7' title="bbox 326 811 1839 888; baseline 0.001 -19"><span class='ocrx_word' id='word_1_28' title='bbox 326 813 590 888; x_wconf 87' lang='lat' dir='ltr'><strong>Agmina</strong></span> <span class='ocrx_word' id='word_1_29' title='bbox 634 811 993 871; x_wconf 87' lang='lat' dir='ltr'><strong>Castanides</strong></span> <span class='ocrx_word' id='word_1_30' title='bbox 1042 814 1216 872; x_wconf 89' lang='lat' dir='ltr'><strong>dictis</strong></span> <span class='ocrx_word' id='word_1_31' title='bbox 1268 812 1572 870; x_wconf 73' lang='lat' dir='ltr'>accendite</span> <span class='ocrx_word' id='word_1_32' title='bbox 1618 813 1839 871; x_wconf 82' lang='lat' dir='ltr'><strong>adesse</strong></span> 
     </span>
     <span class='ocr_line' id='line_1_8' title="bbox 327 893 1618 973; baseline -0.002 -18"><span class='ocrx_word' id='word_1_33' title='bbox 327 897 595 973; x_wconf 83' lang='lat' dir='ltr'><strong>Tempus</strong></span> <span class='ocrx_word' id='word_1_34' title='bbox 637 899 742 970; x_wconf 87' lang='lat' dir='ltr'><strong>ait,</strong></span> <span class='ocrx_word' id='word_1_35' title='bbox 790 916 908 971; x_wconf 92' lang='lat' dir='ltr'><strong>quo</strong></span> <span class='ocrx_word' id='word_1_36' title='bbox 952 899 1117 956; x_wconf 88' lang='lat' dir='ltr'><strong>felici</strong></span> <span class='ocrx_word' id='word_1_37' title='bbox 1161 898 1409 956; x_wconf 85' lang='lat' dir='ltr'><strong>victoria</strong></span> <span class='ocrx_word' id='word_1_38' title='bbox 1447 893 1618 954; x_wconf 81' lang='lat' dir='ltr'><strong>lauru</strong></span> 
     </span>
     <span class='ocr_line' id='line_1_9' title="bbox 324 981 1845 1059; baseline -0.001 -19"><span class='ocrx_word' id='word_1_39' title='bbox 324 981 604 1040; x_wconf 89' lang='lat' dir='ltr'><strong>Pictonio</strong></span> <span class='ocrx_word' id='word_1_40' title='bbox 645 983 938 1058; x_wconf 80' lang='lat' dir='ltr'><strong>requiem,</strong></span> <span class='ocrx_word' id='word_1_41' title='bbox 982 984 1165 1042; x_wconf 90' lang='lat' dir='ltr'><strong>decus</strong></span> <span class='ocrx_word' id='word_1_42' title='bbox 1210 983 1364 1059; x_wconf 89' lang='lat' dir='ltr'><strong>ipsis</strong></span> <span class='ocrx_word' id='word_1_43' title='bbox 1412 982 1663 1042; x_wconf 90' lang='lat' dir='ltr'><strong>sanciat.</strong></span> <span class='ocrx_word' id='word_1_44' title='bbox 1712 983 1845 1055; x_wconf 88' lang='lat' dir='ltr'><strong>Eia,</strong></span> 
     </span>
     <span class='ocr_line' id='line_1_10' title="bbox 323 1066 2156 1143; baseline 0.001 -19"><span class='ocrx_word' id='word_1_45' title='bbox 323 1066 661 1139; x_wconf 92' lang='lat' dir='ltr'><strong>Poscimur,</strong></span> <span class='ocrx_word' id='word_1_46' title='bbox 708 1087 784 1125; x_wconf 92' lang='lat' dir='ltr'><strong>en</strong></span> <span class='ocrx_word' id='word_1_47' title='bbox 828 1069 1098 1127; x_wconf 85' lang='lat' dir='ltr'><strong>Mavors:</strong></span> <span class='ocrx_word' id='word_1_48' title='bbox 1140 1089 1210 1126; x_wconf 93' lang='lat' dir='ltr'><strong>en</strong></span> <span class='ocrx_word' id='word_1_49' title='bbox 1257 1069 1528 1136; x_wconf 85' lang='lat' dir='ltr'><strong>Mavors3</strong></span> <span class='ocrx_word' id='word_1_50' title='bbox 1567 1068 1894 1142; x_wconf 90' lang='lat' dir='ltr'><strong>poscimur,</strong></span> <span class='ocrx_word' id='word_1_51' title='bbox 1938 1067 2156 1143; x_wconf 88' lang='lat' dir='ltr'><strong>inquit.</strong></span> 
     </span>
     <span class='ocr_line' id='line_1_11' title="bbox 327 1150 2087 1228; baseline -0.001 -16"><span class='ocrx_word' id='word_1_52' title='bbox 327 1150 518 1228; x_wconf 87' lang='lat' dir='ltr'><strong>Signa</strong></span> <span class='ocrx_word' id='word_1_53' title='bbox 560 1160 828 1225; x_wconf 88' lang='lat' dir='ltr'><strong>movent,</strong></span> <span class='ocrx_word' id='word_1_54' title='bbox 873 1155 1214 1228; x_wconf 78' lang='lat' dir='ltr'><strong>strictisque</strong></span> <span class='ocrx_word' id='word_1_55' title='bbox 1262 1161 1483 1210; x_wconf 91' lang='lat' dir='ltr'><strong>acuunt</strong></span> <span class='ocrx_word' id='word_1_56' title='bbox 1524 1154 1905 1211; x_wconf 83' lang='lat' dir='ltr'><strong>mucronibus</strong></span> <span class='ocrx_word' id='word_1_57' title='bbox 1941 1154 2087 1211; x_wconf 87' lang='lat' dir='ltr'><strong>iras.</strong></span> 
     </span>
     <span class='ocr_line' id='line_1_12' title="bbox 326 1235 2067 1313; baseline 0 -21"><span class='ocrx_word' id='word_1_58' title='bbox 326 1235 497 1309; x_wconf 79' lang='lat' dir='ltr'><strong>Quae</strong></span> <span class='ocrx_word' id='word_1_59' title='bbox 540 1238 655 1294; x_wconf 87' lang='lat' dir='ltr'><strong>fuit</strong></span> <span class='ocrx_word' id='word_1_60' title='bbox 699 1238 807 1295; x_wconf 88' lang='lat' dir='ltr'><strong>illa</strong></span> <span class='ocrx_word' id='word_1_61' title='bbox 856 1239 1020 1297; x_wconf 83' lang='lat' dir='ltr'><strong>dies!</strong></span> <span class='ocrx_word' id='word_1_62' title='bbox 1069 1258 1245 1313; x_wconf 89' lang='lat' dir='ltr'><strong>quam</strong></span> <span class='ocrx_word' id='word_1_63' title='bbox 1294 1238 1484 1295; x_wconf 90' lang='lat' dir='ltr'><strong>multa</strong></span> <span class='ocrx_word' id='word_1_64' title='bbox 1526 1238 1709 1294; x_wconf 88' lang='lat' dir='ltr'><strong>caede</strong></span> <span class='ocrx_word' id='word_1_65' title='bbox 1753 1238 1980 1312; x_wconf 88' lang='lat' dir='ltr'><strong>piatum</strong></span> <span class='ocrx_word' id='word_1_66' title='bbox 2061 1289 2067 1291; x_wconf 21' lang='grc' dir='ltr'><strong><em>Δ</em></strong></span> 
     </span>
     <span class='ocr_line' id='line_1_13' title="bbox 324 1322 1896 1400; baseline 0.001 -22"><span class='ocrx_word' id='word_1_67' title='bbox 324 1322 405 1378; x_wconf 89' lang='lat' dir='ltr'><strong>Et</strong></span> <span class='ocrx_word' id='word_1_68' title='bbox 444 1341 650 1380; x_wconf 86' lang='lat' dir='ltr'><strong>carcer</strong></span> <span class='ocrx_word' id='word_1_69' title='bbox 689 1324 880 1400; x_wconf 89' lang='lat' dir='ltr'><strong>patris</strong></span> <span class='ocrx_word' id='word_1_70' title='bbox 933 1332 1046 1395; x_wconf 89' lang='lat' dir='ltr'><strong>est,</strong></span> <span class='ocrx_word' id='word_1_71' title='bbox 1092 1331 1151 1381; x_wconf 91' lang='lat' dir='ltr'><strong>et</strong></span> <span class='ocrx_word' id='word_1_72' title='bbox 1192 1324 1321 1381; x_wconf 90' lang='lat' dir='ltr'><strong>nati</strong></span> <span class='ocrx_word' id='word_1_73' title='bbox 1359 1324 1541 1380; x_wconf 90' lang='lat' dir='ltr'><strong>funus</strong></span> <span class='ocrx_word' id='word_1_74' title='bbox 1585 1324 1896 1380; x_wconf 75' lang='lat' dir='ltr'><strong>acerbum!</strong></span> 
     </span>
     <span class='ocr_line' id='line_1_14' title="bbox 325 1405 2155 1485; baseline 0.001 -21"><span class='ocrx_word' id='word_1_75' title='bbox 325 1405 446 1464; x_wconf 91' lang='lat' dir='ltr'><strong>Hic</strong></span> <span class='ocrx_word' id='word_1_76' title='bbox 486 1426 681 1482; x_wconf 90' lang='lat' dir='ltr'><strong>neque</strong></span> <span class='ocrx_word' id='word_1_77' title='bbox 730 1428 873 1485; x_wconf 86' lang='lat' dir='ltr'><strong>cura</strong></span> <span class='ocrx_word' id='word_1_78' title='bbox 916 1410 1077 1467; x_wconf 84' lang='lat' dir='ltr'><strong>subit</strong></span> <span class='ocrx_word' id='word_1_79' title='bbox 1105 1417 1417 1484; x_wconf 79' lang='lat' dir='ltr'><strong>quaestus,</strong></span> <span class='ocrx_word' id='word_1_80' title='bbox 1448 1427 1641 1482; x_wconf 91' lang='lat' dir='ltr'><strong>neque</strong></span> <span class='ocrx_word' id='word_1_81' title='bbox 1677 1426 1926 1483; x_wconf 84' lang='lat' dir='ltr'><strong>parcere</strong></span> <span class='ocrx_word' id='word_1_82' title='bbox 1954 1408 2155 1481; x_wconf 76' lang='lat' dir='ltr'><strong>victiS,</strong></span> 
     </span>
     <span class='ocr_line' id='line_1_15' title="bbox 276 1491 2068 1571; baseline 0.001 -23"><span class='ocrx_word' id='word_1_83' title='bbox 276 1568 277 1571; x_wconf 7' lang='grc' dir='ltr'><strong>Ἴ</strong></span> <span class='ocrx_word' id='word_1_84' title='bbox 324 1491 459 1549; x_wconf 92' lang='lat' dir='ltr'><strong>Nec</strong></span> <span class='ocrx_word' id='word_1_85' title='bbox 502 1493 769 1567; x_wconf 87' lang='lat' dir='ltr'><strong>precium</strong></span> <span class='ocrx_word' id='word_1_86' title='bbox 814 1494 1004 1568; x_wconf 89' lang='lat' dir='ltr'><strong>captis</strong></span> <span class='ocrx_word' id='word_1_87' title='bbox 1046 1494 1374 1570; x_wconf 86' lang='lat' dir='ltr'><strong>imponere.</strong></span> <span class='ocrx_word' id='word_1_88' title='bbox 1426 1492 1711 1568; x_wconf 78' lang='lat' dir='ltr'><strong>Corpora,</strong></span> <span class='ocrx_word' id='word_1_89' title='bbox 1752 1511 1907 1567; x_wconf 89' lang='lat' dir='ltr'><strong>quae</strong></span> <span class='ocrx_word' id='word_1_90' title='bbox 1952 1513 2068 1550; x_wconf 90' lang='lat' dir='ltr'><strong>non</strong></span> 
     </span>
     <span class='ocr_line' id='line_1_16' title="bbox 327 1577 1724 1656; baseline -0.001 -20"><span class='ocrx_word' id='word_1_91' title='bbox 327 1577 516 1651; x_wconf 85' lang='lat' dir='ltr'><strong>Optat</strong></span> <span class='ocrx_word' id='word_1_92' title='bbox 561 1579 846 1636; x_wconf 88' lang='lat' dir='ltr'><strong>avarities</strong></span> <span class='ocrx_word' id='word_1_93' title='bbox 891 1579 1084 1650; x_wconf 90' lang='lat' dir='ltr'><strong>lucro,</strong></span> <span class='ocrx_word' id='word_1_94' title='bbox 1129 1581 1291 1656; x_wconf 89' lang='lat' dir='ltr'><strong>rapit</strong></span> <span class='ocrx_word' id='word_1_95' title='bbox 1338 1578 1488 1637; x_wconf 92' lang='lat' dir='ltr'><strong>ultio</strong></span> <span class='ocrx_word' id='word_1_96' title='bbox 1533 1578 1724 1634; x_wconf 86' lang='lat' dir='ltr'><strong>caedi.</strong></span> 
     </span>
     <span class='ocr_line' id='line_1_17' title="bbox 326 1661 1982 1738; baseline 0.002 -21"><span class='ocrx_word' id='word_1_97' title='bbox 326 1661 649 1719; x_wconf 86' lang='lat' dir='ltr'><strong>Vindictae</strong></span> <span class='ocrx_word' id='word_1_98' title='bbox 695 1681 845 1738; x_wconf 90' lang='lat' dir='ltr'><strong>gens</strong></span> <span class='ocrx_word' id='word_1_99' title='bbox 892 1671 1022 1720; x_wconf 88' lang='lat' dir='ltr'><strong>tota</strong></span> <span class='ocrx_word' id='word_1_100' title='bbox 1062 1663 1260 1720; x_wconf 87' lang='lat' dir='ltr'><strong>datur.</strong></span> <span class='ocrx_word' id='word_1_101' title='bbox 1305 1661 1466 1720; x_wconf 86' lang='lat' dir='ltr'><strong>Nam</strong></span> <span class='ocrx_word' id='word_1_102' title='bbox 1510 1670 1752 1719; x_wconf 89' lang='lat' dir='ltr'><strong>caetera</strong></span> <span class='ocrx_word' id='word_1_103' title='bbox 1791 1665 1982 1737; x_wconf 89' lang='lat' dir='ltr'><strong>pubes</strong></span> 
     </span>
     <span class='ocr_line' id='line_1_18' title="bbox 262 1744 1998 1823; baseline 0.002 -21"><span class='ocrx_word' id='word_1_104' title='bbox 262 1744 271 1749; x_wconf 64' lang='grc'>’</span> <span class='ocrx_word' id='word_1_105' title='bbox 325 1745 425 1803; x_wconf 91' lang='lat' dir='ltr'><strong>Ne</strong></span> <span class='ocrx_word' id='word_1_106' title='bbox 466 1755 697 1821; x_wconf 88' lang='lat' dir='ltr'><strong>pereat,</strong></span> <span class='ocrx_word' id='word_1_107' title='bbox 740 1747 914 1823; x_wconf 77' lang='lat' dir='ltr'><strong>perit,</strong></span> <span class='ocrx_word' id='word_1_108' title='bbox 962 1757 1022 1804; x_wconf 89' lang='lat' dir='ltr'><strong>et</strong></span> <span class='ocrx_word' id='word_1_109' title='bbox 1060 1748 1302 1823; x_wconf 87' lang='lat' dir='ltr'><strong>patulas</strong></span> <span class='ocrx_word' id='word_1_110' title='bbox 1349 1766 1415 1807; x_wconf 89' lang='lat' dir='ltr'><strong>se</strong></span> <span class='ocrx_word' id='word_1_111' title='bbox 1458 1747 1637 1804; x_wconf 88' lang='lat' dir='ltr'><strong>mittit</strong></span> <span class='ocrx_word' id='word_1_112' title='bbox 1678 1749 1741 1804; x_wconf 92' lang='lat' dir='ltr'><strong>in</strong></span> <span class='ocrx_word' id='word_1_113' title='bbox 1787 1748 1998 1806; x_wconf 87' lang='lat' dir='ltr'><strong>undas.</strong></span> 
     </span>
     <span class='ocr_line' id='line_1_19' title="bbox 326 1831 1923 1908; baseline 0.001 -20"><span class='ocrx_word' id='word_1_114' title='bbox 326 1833 523 1904; x_wconf 88' lang='lat' dir='ltr'><strong>Atque</strong></span> <span class='ocrx_word' id='word_1_115' title='bbox 575 1831 794 1906; x_wconf 87' lang='lat' dir='ltr'><strong>aliquis</strong></span> <span class='ocrx_word' id='word_1_116' title='bbox 836 1853 1035 1908; x_wconf 92' lang='lat' dir='ltr'><strong>prono</strong></span> <span class='ocrx_word' id='word_1_117' title='bbox 1086 1833 1464 1890; x_wconf 85' lang='lat' dir='ltr'><strong>descendens</strong></span> <span class='ocrx_word' id='word_1_118' title='bbox 1510 1852 1687 1889; x_wconf 90' lang='lat' dir='ltr'><strong>amne</strong></span> <span class='ocrx_word' id='word_1_119' title='bbox 1726 1832 1923 1890; x_wconf 87' lang='lat' dir='ltr'><strong>viator</strong></span> 
     </span>
     <span class='ocr_line' id='line_1_20' title="bbox 324 1916 1948 1994; baseline 0 -20"><span class='ocrx_word' id='word_1_120' title='bbox 324 1916 568 1974; x_wconf 84' lang='lat' dir='ltr'><strong>Funera</strong></span> <span class='ocrx_word' id='word_1_121' title='bbox 613 1917 993 1975; x_wconf 90' lang='lat' dir='ltr'><strong>dinumerare</strong></span> <span class='ocrx_word' id='word_1_122' title='bbox 1039 1918 1210 1976; x_wconf 84' lang='lat' dir='ltr'><strong>velit:</strong></span> <span class='ocrx_word' id='word_1_123' title='bbox 1255 1918 1362 1976; x_wconf 87' lang='lat' dir='ltr'><strong>sed</strong></span> <span class='ocrx_word' id='word_1_124' title='bbox 1407 1918 1593 1994; x_wconf 90' lang='lat' dir='ltr'><strong>longa</strong></span> <span class='ocrx_word' id='word_1_125' title='bbox 1635 1926 1948 1974; x_wconf 87' lang='lat' dir='ltr'><strong>natantum</strong></span> 
     </span>
     <span class='ocr_line' id='line_1_21' title="bbox 329 2000 1941 2075; baseline 0 -16"><span class='ocrx_word' id='word_1_126' title='bbox 329 2000 599 2059; x_wconf 90' lang='lat' dir='ltr'><strong>Obsistit</strong></span> <span class='ocrx_word' id='word_1_127' title='bbox 643 2003 863 2060; x_wconf 82' lang='lat' dir='ltr'><strong>series:</strong></span> <span class='ocrx_word' id='word_1_128' title='bbox 904 2022 1203 2062; x_wconf 49' lang='lat' dir='ltr'><strong>numerus¹</strong></span> <span class='ocrx_word' id='word_1_129' title='bbox 1237 2021 1371 2059; x_wconf 92' lang='lat' dir='ltr'><strong>cum</strong></span> <span class='ocrx_word' id='word_1_130' title='bbox 1414 2003 1660 2060; x_wconf 88' lang='lat' dir='ltr'><strong>flumine</strong></span> <span class='ocrx_word' id='word_1_131' title='bbox 1703 2004 1941 2075; x_wconf 90' lang='lat' dir='ltr'><strong>crescit,</strong></span> 
     </span>
     <span class='ocr_line' id='line_1_22' title="bbox 329 2084 2057 2166; baseline 0.001 -21"><span class='ocrx_word' id='word_1_132' title='bbox 329 2084 482 2145; x_wconf 85' lang='lat' dir='ltr'><strong>Cum</strong></span> <span class='ocrx_word' id='word_1_133' title='bbox 524 2106 774 2145; x_wconf 84' lang='lat' dir='ltr'><strong>numero</strong></span> <span class='ocrx_word' id='word_1_134' title='bbox 813 2087 1042 2146; x_wconf 87' lang='lat' dir='ltr'><strong>Paean.</strong></span> <span class='ocrx_word' id='word_1_135' title='bbox 1079 2088 1287 2166; x_wconf 87' lang='lat' dir='ltr'><strong>Ligeri</strong></span> <span class='ocrx_word' id='word_1_136' title='bbox 1330 2089 1445 2160; x_wconf 90' lang='lat' dir='ltr'><strong>dic,</strong></span> <span class='ocrx_word' id='word_1_137' title='bbox 1492 2107 1711 2164; x_wconf 85' lang='lat' dir='ltr'><strong>magne</strong></span> <span class='ocrx_word' id='word_1_138' title='bbox 1757 2087 2057 2166; x_wconf 82' lang='lat' dir='ltr'><strong>Vigenna,</strong></span> 
     </span>
     <span class='ocr_line' id='line_1_23' title="bbox 327 2170 1833 2248; baseline 0 -19"><span class='ocrx_word' id='word_1_139' title='bbox 327 2170 466 2243; x_wconf 90' lang='lat' dir='ltr'><strong>Dic,</strong></span> <span class='ocrx_word' id='word_1_140' title='bbox 515 2172 720 2248; x_wconf 90' lang='lat' dir='ltr'><strong>Liger,</strong></span> <span class='ocrx_word' id='word_1_141' title='bbox 768 2174 1045 2245; x_wconf 79' lang='lat' dir='ltr'><strong>OceanO,</strong></span> <span class='ocrx_word' id='word_1_142' title='bbox 1089 2174 1320 2230; x_wconf 88' lang='lat' dir='ltr'><strong>victrici</strong></span> <span class='ocrx_word' id='word_1_143' title='bbox 1365 2174 1577 2230; x_wconf 84' lang='lat' dir='ltr'><strong>cedere</strong></span> <span class='ocrx_word' id='word_1_144' title='bbox 1619 2181 1833 2229; x_wconf 87' lang='lat' dir='ltr'><strong>cuncta</strong></span> 
     </span>
     <span class='ocr_line' id='line_1_24' title="bbox 329 2256 1984 2335; baseline -0.001 -19"><span class='ocrx_word' id='word_1_145' title='bbox 329 2256 722 2316; x_wconf 86' lang='lat' dir='ltr'><strong>Castanidum</strong></span> <span class='ocrx_word' id='word_1_146' title='bbox 769 2258 1052 2316; x_wconf 81' lang='lat' dir='ltr'><strong>dextrae:</strong></span> <span class='ocrx_word' id='word_1_147' title='bbox 1107 2259 1325 2317; x_wconf 88' lang='lat' dir='ltr'><strong>fluvios</strong></span> <span class='ocrx_word' id='word_1_148' title='bbox 1373 2260 1600 2317; x_wconf 83' lang='lat' dir='ltr'><strong>servire</strong></span> <span class='ocrx_word' id='word_1_149' title='bbox 1643 2258 1984 2335; x_wconf 90' lang='lat' dir='ltr'><strong>triumphis.</strong></span> 
     </span>
     <span class='ocr_line' id='line_1_25' title="bbox 411 2340 2125 2420; baseline 0.001 -22"><span class='ocrx_word' id='word_1_150' title='bbox 411 2340 559 2399; x_wconf 92' lang='lat' dir='ltr'><strong>Non</strong></span> <span class='ocrx_word' id='word_1_151' title='bbox 597 2361 709 2418; x_wconf 89' lang='lat' dir='ltr'><strong>ego</strong></span> <span class='ocrx_word' id='word_1_152' title='bbox 755 2351 971 2401; x_wconf 90' lang='lat' dir='ltr'><strong>cuncta</strong></span> <span class='ocrx_word' id='word_1_153' title='bbox 1009 2363 1146 2402; x_wconf 90' lang='lat' dir='ltr'><strong>meo</strong></span> <span class='ocrx_word' id='word_1_154' title='bbox 1193 2343 1509 2418; x_wconf 89' lang='lat' dir='ltr'><strong>complecti</strong></span> <span class='ocrx_word' id='word_1_155' title='bbox 1551 2342 1815 2400; x_wconf 88' lang='lat' dir='ltr'><strong>carmine</strong></span> <span class='ocrx_word' id='word_1_156' title='bbox 1858 2344 2125 2420; x_wconf 90' lang='lat' dir='ltr'><strong>possim,</strong></span> 
     </span>
     <span class='ocr_line' id='line_1_26' title="bbox 327 2424 2130 2504; baseline 0.003 -21"><span class='ocrx_word' id='word_1_157' title='bbox 327 2424 474 2484; x_wconf 88' lang='lat' dir='ltr'><strong>Non</strong></span> <span class='ocrx_word' id='word_1_158' title='bbox 519 2428 754 2499; x_wconf 88' lang='lat' dir='ltr'><strong>Martis,</strong></span> <span class='ocrx_word' id='word_1_159' title='bbox 804 2449 927 2487; x_wconf 89' lang='lat' dir='ltr'><strong>non</strong></span> <span class='ocrx_word' id='word_1_160' title='bbox 974 2430 1145 2504; x_wconf 90' lang='lat' dir='ltr'><strong>pacis</strong></span> <span class='ocrx_word' id='word_1_161' title='bbox 1196 2448 1381 2504; x_wconf 76' lang='lat' dir='ltr'><strong>opusz</strong></span> <span class='ocrx_word' id='word_1_162' title='bbox 1429 2447 1580 2504; x_wconf 90' lang='lat' dir='ltr'><strong>quas</strong></span> <span class='ocrx_word' id='word_1_163' title='bbox 1624 2429 1817 2485; x_wconf 89' lang='lat' dir='ltr'><strong>Marte</strong></span> <span class='ocrx_word' id='word_1_164' title='bbox 1858 2429 2130 2488; x_wconf 86' lang='lat' dir='ltr'><strong>rebelles</strong></span> 
     </span>
     <span class='ocr_line' id='line_1_27' title="bbox 328 2510 1823 2589; baseline 0.001 -20"><span class='ocrx_word' id='word_1_165' title='bbox 328 2510 588 2569; x_wconf 89' lang='lat' dir='ltr'><strong>Disiecit</strong></span> <span class='ocrx_word' id='word_1_166' title='bbox 632 2523 867 2589; x_wconf 90' lang='lat' dir='ltr'><strong>gentes,</strong></span> <span class='ocrx_word' id='word_1_167' title='bbox 914 2514 1155 2589; x_wconf 85' lang='lat' dir='ltr'><strong>placida</strong></span> <span class='ocrx_word' id='word_1_168' title='bbox 1196 2532 1351 2588; x_wconf 90' lang='lat' dir='ltr'><strong>quas</strong></span> <span class='ocrx_word' id='word_1_169' title='bbox 1397 2532 1549 2589; x_wconf 91' lang='lat' dir='ltr'><strong>pace</strong></span> <span class='ocrx_word' id='word_1_170' title='bbox 1595 2513 1823 2588; x_wconf 83' lang='lat' dir='ltr'><strong>ligavit.</strong></span> 
     </span>
     <span class='ocr_line' id='line_1_28' title="bbox 327 2597 1766 2674; baseline 0.001 -21"><span class='ocrx_word' id='word_1_171' title='bbox 327 2597 478 2668; x_wconf 88' lang='lat' dir='ltr'><strong>Ista,</strong></span> <span class='ocrx_word' id='word_1_172' title='bbox 525 2599 800 2657; x_wconf 85' lang='lat' dir='ltr'><strong>Maronei</strong></span> <span class='ocrx_word' id='word_1_173' title='bbox 843 2617 998 2672; x_wconf 92' lang='lat' dir='ltr'><strong>quos</strong></span> <span class='ocrx_word' id='word_1_174' title='bbox 1045 2600 1214 2657; x_wconf 88' lang='lat' dir='ltr'><strong>afflat</strong></span> <span class='ocrx_word' id='word_1_175' title='bbox 1260 2599 1507 2674; x_wconf 89' lang='lat' dir='ltr'><strong>spiritus</strong></span> <span class='ocrx_word' id='word_1_176' title='bbox 1556 2600 1766 2668; x_wconf 89' lang='lat' dir='ltr'><strong>oestri,</strong></span> 
     </span>
     <span class='ocr_line' id='line_1_29' title="bbox 329 2673 1686 2760; baseline -0.001 -21"><span class='ocrx_word' id='word_1_177' title='bbox 329 2673 554 2739; x_wconf 87' lang='lat' dir='ltr'><strong>Utilius</strong></span> <span class='ocrx_word' id='word_1_178' title='bbox 603 2684 759 2741; x_wconf 90' lang='lat' dir='ltr'><strong>seris</strong></span> <span class='ocrx_word' id='word_1_179' title='bbox 803 2685 1080 2742; x_wconf 85' lang='lat' dir='ltr'><strong>miranda</strong></span> <span class='ocrx_word' id='word_1_180' title='bbox 1118 2685 1442 2760; x_wconf 90' lang='lat' dir='ltr'><strong>nepotibus</strong></span> <span class='ocrx_word' id='word_1_181' title='bbox 1490 2683 1686 2742; x_wconf 85' lang='lat' dir='ltr'><strong>edent.</strong></span> 
     </span>
     <span class='ocr_line' id='line_1_30' title="bbox 326 2764 2081 2843; baseline 0 -21"><span class='ocrx_word' id='word_1_182' title='bbox 326 2764 465 2823; x_wconf 89' lang='lat' dir='ltr'><strong>Nos</strong></span> <span class='ocrx_word' id='word_1_183' title='bbox 511 2767 770 2826; x_wconf 89' lang='lat' dir='ltr'><strong>humiles</strong></span> <span class='ocrx_word' id='word_1_184' title='bbox 813 2769 1073 2840; x_wconf 90' lang='lat' dir='ltr'><strong>animae,</strong></span> <span class='ocrx_word' id='word_1_185' title='bbox 1119 2770 1253 2843; x_wconf 90' lang='lat' dir='ltr'><strong>quis</strong></span> <span class='ocrx_word' id='word_1_186' title='bbox 1294 2768 1535 2825; x_wconf 86' lang='lat' dir='ltr'><strong>solvere</strong></span> <span class='ocrx_word' id='word_1_187' title='bbox 1580 2768 1933 2841; x_wconf 90' lang='lat' dir='ltr'><strong>quaestibus</strong></span> <span class='ocrx_word' id='word_1_188' title='bbox 1974 2785 2081 2823; x_wconf 90' lang='lat' dir='ltr'><strong>ora</strong></span> 
     </span>
     <span class='ocr_line' id='line_1_31' title="bbox 328 2850 2169 2929; baseline 0.003 -23"><span class='ocrx_word' id='word_1_189' title='bbox 328 2850 449 2907; x_wconf 81' lang='lat' dir='ltr'><strong>Vix</strong></span> <span class='ocrx_word' id='word_1_190' title='bbox 494 2851 689 2923; x_wconf 84' lang='lat' dir='ltr'><strong>datur,</strong></span> <span class='ocrx_word' id='word_1_191' title='bbox 734 2853 984 2911; x_wconf 83' lang='lat' dir='ltr'><strong>inferias</strong></span> <span class='ocrx_word' id='word_1_192' title='bbox 1030 2871 1310 2929; x_wconf 87' lang='lat' dir='ltr'><strong>magnae,</strong></span> <span class='ocrx_word' id='word_1_193' title='bbox 1342 2872 1495 2928; x_wconf 92' lang='lat' dir='ltr'><strong>quas</strong></span> <span class='ocrx_word' id='word_1_194' title='bbox 1519 2871 1873 2928; x_wconf 81' lang='lat' dir='ltr'><strong>possumus,</strong></span> <span class='ocrx_word' id='word_1_195' title='bbox 1908 2852 2169 2911; x_wconf 81' lang='lat' dir='ltr'><strong>umbrae</strong></span> 
     </span>
     <span class='ocr_line' id='line_1_32' title="bbox 329 2935 1919 3011; baseline 0.001 -19"><span class='ocrx_word' id='word_1_196' title='bbox 329 2935 645 3008; x_wconf 86' lang='lat' dir='ltr'><strong>Libamus,</strong></span> <span class='ocrx_word' id='word_1_197' title='bbox 691 2946 906 2995; x_wconf 89' lang='lat' dir='ltr'><strong>tenues</strong></span> <span class='ocrx_word' id='word_1_198' title='bbox 954 2957 1263 3009; x_wconf 91' lang='lat' dir='ltr'><strong>numeros,</strong></span> <span class='ocrx_word' id='word_1_199' title='bbox 1312 2938 1668 3011; x_wconf 86' lang='lat' dir='ltr'><strong>defectaque</strong></span> <span class='ocrx_word' id='word_1_200' title='bbox 1716 2938 1919 3009; x_wconf 85' lang='lat' dir='ltr'><strong>verba,</strong></span> 
     </span>
     <span class='ocr_line' id='line_1_33' title="bbox 329 3018 1748 3098; baseline -0.001 -18"><span class='ocrx_word' id='word_1_201' title='bbox 329 3018 611 3097; x_wconf 89' lang='lat' dir='ltr'><strong>Singultu</strong></span> <span class='ocrx_word' id='word_1_202' title='bbox 652 3022 884 3080; x_wconf 89' lang='lat' dir='ltr'><strong>medias</strong></span> <span class='ocrx_word' id='word_1_203' title='bbox 925 3023 1399 3097; x_wconf 83' lang='lat' dir='ltr'><strong>interrumpente</strong></span> <span class='ocrx_word' id='word_1_204' title='bbox 1445 3025 1748 3098; x_wconf 87' lang='lat' dir='ltr'><strong>querelas.</strong></span> 
     </span>
     <span class='ocr_line' id='line_1_34' title="bbox 412 3105 1986 3184; baseline -0.002 -18"><span class='ocrx_word' id='word_1_205' title='bbox 412 3106 658 3183; x_wconf 88' lang='lat' dir='ltr'><strong>Ergone</strong></span> <span class='ocrx_word' id='word_1_206' title='bbox 703 3117 786 3179; x_wconf 91' lang='lat' dir='ltr'><strong>te,</strong></span> <span class='ocrx_word' id='word_1_207' title='bbox 834 3108 927 3164; x_wconf 89' lang='lat' dir='ltr'><strong>cui</strong></span> <span class='ocrx_word' id='word_1_208' title='bbox 974 3115 1065 3165; x_wconf 88' lang='lat' dir='ltr'><strong>tot</strong></span> <span class='ocrx_word' id='word_1_209' title='bbox 1108 3108 1341 3184; x_wconf 87' lang='lat' dir='ltr'><strong>creperi</strong></span> <span class='ocrx_word' id='word_1_210' title='bbox 1381 3108 1735 3165; x_wconf 86' lang='lat' dir='ltr'><strong>discrimina</strong></span> <span class='ocrx_word' id='word_1_211' title='bbox 1775 3105 1986 3163; x_wconf 84' lang='lat' dir='ltr'><strong>Martis</strong></span> 
     </span>
     <span class='ocr_line' id='line_1_35' title="bbox 329 3181 1750 3268; baseline 0 -19"><span class='ocrx_word' id='word_1_212' title='bbox 329 3189 693 3264; x_wconf 84' lang='lat' dir='ltr'><strong>Cesserunt,</strong></span> <span class='ocrx_word' id='word_1_213' title='bbox 737 3193 923 3251; x_wconf 89' lang='lat' dir='ltr'><strong>toties</strong></span> <span class='ocrx_word' id='word_1_214' title='bbox 975 3193 1121 3250; x_wconf 91' lang='lat' dir='ltr'><strong>belli</strong></span> <span class='ocrx_word' id='word_1_215' title='bbox 1164 3194 1411 3251; x_wconf 88' lang='lat' dir='ltr'><strong>fortuna</strong></span> <span class='ocrx_word' id='word_1_216' title='bbox 1454 3181 1750 3268; x_wconf 77' lang='lat' dir='ltr'><strong>pepercit,</strong></span> 
     </span>
     <span class='ocr_line' id='line_1_36' title="bbox 327 3276 1818 3355; baseline 0 -22"><span class='ocrx_word' id='word_1_217' title='bbox 327 3276 503 3333; x_wconf 90' lang='lat' dir='ltr'><strong>Lecti</strong></span> <span class='ocrx_word' id='word_1_218' title='bbox 544 3276 732 3336; x_wconf 90' lang='lat' dir='ltr'><strong>invita</strong></span> <span class='ocrx_word' id='word_1_219' title='bbox 775 3279 971 3351; x_wconf 90' lang='lat' dir='ltr'><strong>quies,</strong></span> <span class='ocrx_word' id='word_1_220' title='bbox 1015 3287 1074 3335; x_wconf 90' lang='lat' dir='ltr'><strong>et</strong></span> <span class='ocrx_word' id='word_1_221' title='bbox 1117 3279 1322 3355; x_wconf 89' lang='lat' dir='ltr'><strong>segnis</strong></span> <span class='ocrx_word' id='word_1_222' title='bbox 1357 3278 1576 3335; x_wconf 88' lang='lat' dir='ltr'><strong>inertia</strong></span> <span class='ocrx_word' id='word_1_223' title='bbox 1620 3277 1818 3334; x_wconf 87' lang='lat' dir='ltr'><strong>morbi</strong></span> 
     </span>
     <span class='ocr_line' id='line_1_37' title="bbox 325 3361 2072 3438; baseline -0.002 -18"><span class='ocrx_word' id='word_1_224' title='bbox 325 3361 640 3420; x_wconf 84' lang='lat' dir='ltr'><strong>Abstulit?</strong></span> <span class='ocrx_word' id='word_1_225' title='bbox 681 3363 993 3420; x_wconf 90' lang='lat' dir='ltr'><strong>occiduum</strong></span> <span class='ocrx_word' id='word_1_226' title='bbox 1036 3364 1312 3437; x_wconf 84' lang='lat' dir='ltr'><strong>quamvis</strong></span> <span class='ocrx_word' id='word_1_227' title='bbox 1361 3363 1472 3420; x_wconf 89' lang='lat' dir='ltr'><strong>tibi</strong></span> <span class='ocrx_word' id='word_1_228' title='bbox 1513 3371 1788 3438; x_wconf 88' lang='lat' dir='ltr'><strong>vergeret</strong></span> <span class='ocrx_word' id='word_1_229' title='bbox 1831 3379 2072 3431; x_wconf 82' lang='lat' dir='ltr'><strong>aevum,</strong></span> 
     </span>
     <span class='ocr_line' id='line_1_38' title="bbox 327 3441 2065 3525; baseline -0.002 -20"><span class='ocrx_word' id='word_1_230' title='bbox 327 3446 408 3505; x_wconf 85' lang='lat' dir='ltr'><strong>Et</strong></span> <span class='ocrx_word' id='word_1_231' title='bbox 453 3457 728 3522; x_wconf 88' lang='lat' dir='ltr'><strong>quartum</strong></span> <span class='ocrx_word' id='word_1_232' title='bbox 772 3455 865 3504; x_wconf 87' lang='lat' dir='ltr'><strong>ter</strong></span> <span class='ocrx_word' id='word_1_233' title='bbox 908 3441 1119 3522; x_wconf 88' lang='lat' dir='ltr'><strong>quinta</strong></span> <span class='ocrx_word' id='word_1_234' title='bbox 1157 3457 1398 3525; x_wconf 87' lang='lat' dir='ltr'><strong>urgeret</strong></span> <span class='ocrx_word' id='word_1_235' title='bbox 1444 3447 1766 3523; x_wconf 86' lang='lat' dir='ltr'><strong>Olympias</strong></span> <span class='ocrx_word' id='word_1_236' title='bbox 1808 3463 2065 3503; x_wconf 84' lang='lat' dir='ltr'><strong>annum:</strong></span> 
     </span>
     <span class='ocr_line' id='line_1_39' title="bbox 329 3529 1715 3605; baseline -0.001 -15"><span class='ocrx_word' id='word_1_237' title='bbox 329 3529 553 3590; x_wconf 89' lang='lat' dir='ltr'><strong>Sobria</strong></span> <span class='ocrx_word' id='word_1_238' title='bbox 600 3541 660 3589; x_wconf 89' lang='lat' dir='ltr'><strong>te</strong></span> <span class='ocrx_word' id='word_1_239' title='bbox 703 3533 982 3591; x_wconf 83' lang='lat' dir='ltr'><strong>iuvenem</strong></span> <span class='ocrx_word' id='word_1_240' title='bbox 1026 3533 1289 3591; x_wconf 82' lang='lat' dir='ltr'><strong>faciebat</strong></span> <span class='ocrx_word' id='word_1_241' title='bbox 1334 3533 1459 3590; x_wconf 90' lang='lat' dir='ltr'><strong>vita</strong></span> <span class='ocrx_word' id='word_1_242' title='bbox 1503 3532 1715 3605; x_wconf 84' lang='lat' dir='ltr'><strong>videri,</strong></span> 
     </span>
    </p>
   </div>
  </div>
 </body>
</html>
