2452 4186
966 315 1181 408 *329

203 483 340 543 Non
384 502 576 581 usque
616 485 796 542 nauci
838 484 1110 557 fecerim,
1155 485 1299 559 quin
1338 485 1604 543 omnium

201 570 380 628 Illum
418 568 710 642 virorum,
756 577 899 644 post
939 570 1264 642 Achillem,
1304 576 2173 640 acerrumum,1340

204 655 564 730 Quicunque
606 655 858 713 Troiam
899 656 1294 739 accessimus,
1341 657 1707 713 vocaverim.

202 741 285 800 Ut
326 739 505 798 flocci
548 747 609 797 et
649 740 821 798 illum
870 741 1094 811 facere,
1139 758 1396 798 caussae
1437 760 1555 798 non
1595 740 1729 798 siet.

202 824 366 883 Nam
405 844 526 882 non
564 826 697 883 viro
744 825 858 897 illi,
903 826 1013 883 sed
1056 825 1325 883 Deerum
1369 824 1607 902 legibus

202 910 470 968 Iniurius
517 910 625 969 sis.
671 917 976 968 caeterum
1022 911 1214 969 virum
1258 911 1485 969 bonum

203 996 524 1055 Incessere
568 995 728 1052 haud
770 996 866 1053 ius
918 1004 1236 1068 mortuum,
1278 996 1423 1053 licet
1468 996 1692 1054 oderis.
2042 1001 2175 1055 1345

206 1082 318 1157 Ag.
408 1079 586 1138 Haec
625 1081 770 1153 istc,
816 1080 1069 1156 Ulysse,
1109 1101 1223 1157 pro
1262 1080 1393 1140 viro
1435 1079 1640 1158 iurgas
1686 1080 1873 1144 mihi?

174 1161 307 1226 'U1.
407 1164 624 1223 Plane.
668 1166 778 1224 sed
819 1166 942 1236 odi,
990 1166 1195 1225 odisse
1242 1184 1376 1223 cum
1418 1164 1590 1223 licuit
1633 1165 1801 1222 mihi.

205 1252 318 1328 Ag.
408 1248 556 1307 Non
607 1258 668 1308 et
707 1251 931 1308 iacenti
974 1259 1034 1308 te
1081 1270 1325 1327 quoque
1365 1250 1662 1309 insultare
1705 1249 1842 1308 fas?

204 1335 303 1395 Ul.
402 1334 765 1408 Inhonesta,
808 1336 1043 1408 Atrida,
1088 1336 1258 1394 lucra
1291 1355 1370 1393 ne
1411 1335 1700 1412 placeant
1741 1335 1868 1392 tibi.

204 1423 318 1497 Ag.
410 1420 650 1494 Ubique
687 1440 890 1497 regem
942 1422 1135 1479 colere
1172 1422 1461 1497 pietatem
1506 1421 1669 1478 haud
1705 1419 1885 1477 facul.
2045 1420 2179 1473 1350

206 1505 305 1565 Ul.
406 1504 638 1565 Scitum
685 1514 799 1577 est,
839 1507 1050 1565 amicis
1089 1526 1300 1585 gerere
1343 1525 1594 1578 morem,
1641 1514 1701 1563 et
1743 1504 2016 1578 obsequi.

206 1594 322 1668 Ag.
407 1590 637 1648 Parere
683 1599 925 1667 oportet
966 1592 1209 1669 regibus
1257 1593 1446 1649 virum
1486 1593 1734 1650 bonum.

209 1676 307 1735 Ul.
412 1676 698 1751 Quiesce.
745 1677 938 1735 victus
988 1697 1094 1735 ore
1136 1676 1338 1735 vicisti
1381 1685 1506 1735 tuo.

207 1762 320 1838 Ag.
412 1763 736 1832 MementO,
781 1761 947 1836 quali
989 1763 1243 1839 gratiam
1285 1762 1442 1820 hanc
1481 1762 1728 1821 confers
1776 1760 1926 1816 viro.

208 1846 307 1906 Ul.
407 1846 551 1905 Fuit
592 1846 738 1904 mihi
780 1848 976 1906 hostis
1028 1847 1157 1918 ille,
1202 1847 1312 1905 sed
1357 1847 1536 1906 fortis
1581 1855 1805 1904 tamen.
2046 1849 2180 1903 1355

208 1933 361 2009 Aga.
446 1931 608 2005 Quid
634 1933 760 2004 fiet,
789 1932 893 1990 ubi
921 1933 1010 1990 sic
1046 1940 1275 1990 mortuo
1307 1932 1472 1990 hosti
1495 1933 1787 1990 honorem
1814 1928 2046 1987 habes?

207 2018 307 2078 Ul.
443 2017 651 2077 Virtus
701 2024 910 2075 movet
947 2037 1065 2089 me,
1115 2037 1297 2093 quam
1338 2018 1701 2090 simultates,
1745 2015 1958 2092 magis.

207 2109 363 2183 Aga.
455 2102 630 2174 Sunt,
675 2104 777 2200 qui
823 2104 1025 2162 solent
1065 2105 1216 2161 haec
1260 2104 1488 2177 facere,
1530 2103 1825 2162 vecordes
1875 2100 2006 2158 viri.

208 2191 307 2251 Ul.
454 2190 556 2261 At,
603 2189 706 2264 qui
751 2189 900 2247 boni
941 2190 1132 2260 fuere,
1176 2198 1318 2265 post
1362 2191 1513 2248 fiunt
1556 2188 1720 2246 mali.

209 2279 364 2353 Aga.
458 2273 644 2332 Tales
687 2274 912 2331 amicos
966 2292 1107 2332 esse
1156 2273 1438 2349 postules
1480 2274 1631 2332 tibi?
2050 2276 2184 2330 1360

210 2361 311 2420 Ul.
453 2358 591 2417 Non
637 2359 822 2416 laudo
862 2357 1070 2415 duram
1114 2365 1399 2430 mentem,
1442 2367 1502 2415 et
1542 2337 2007 2415 intractabilem.

211 2449 365 2524 Aga.
458 2443 554 2501 Tu
590 2462 707 2502 nos
754 2444 1050 2519 probabis
1102 2444 1219 2501 hoc
1261 2442 1358 2499 die
1403 2442 1876 2520 ignavissumoS.

212 2531 311 2590 Ul.
446 2531 530 2588 At
566 2548 683 2587 nos
729 2537 795 2585 tu
838 2527 1090 2587 Achivis
1130 2527 1411 2587 omnibus
1458 2527 1869 2585 iustissumos.

211 2619 369 2694 Aga.
461 2615 716 2686 Iubetis,
759 2615 923 2673 istud
963 2614 1144 2672 sunus
1191 2614 1409 2687 exequi
1448 2612 1689 2671 sinam?

202 2702 313 2764 Ul.
457 2700 764 2757 Iubemus.
810 2700 965 2756 idem
1012 2719 1150 2756 nam
1193 2707 1398 2756 manet
1442 2716 1552 2756 nos
1599 2697 1818 2754 exitus.
1925 2768 1930 2775 .
2050 2700 2187 2756 1365

214 2790 368 2865 Aga.
460 2784 546 2844 Ut
587 2785 767 2842 rebus
808 2785 1087 2844 homines
1133 2784 1413 2843 omnibus
1463 2789 1748 2859 satagunt
1796 2781 1910 2838 sui.

214 2873 315 2932 Ul.
460 2868 729 2929 Cuiusne
768 2870 997 2944 potius,
1038 2888 1216 2944 quam
1255 2870 1397 2942 mei,
1439 2865 1802 2946 sategerim?

215 2961 373 3034 Aga.
462 2955 559 3012 Ita
582 2964 648 3012 ut
680 2963 848 3012 tuum
871 2956 988 3012 hoc
1017 2955 1118 3027 sit,
1147 2975 1266 3013 non
1294 2975 1496 3012 meum
1518 2951 1800 3027 quicquid
1827 2958 1922 3008 est
1943 2949 2050 3006 rei.

215 3042 318 3102 Ul.
466 3040 754 3099 Omnino.
803 3040 1094 3098 utrumvis
1141 3040 1384 3111 feceris,
1443 3041 1598 3098 bene
1643 3035 1881 3094 feceris.

218 3130 374 3205 Aga.
464 3125 689 3182 Verum
732 3125 878 3182 mihi
914 3125 1074 3183 istud
1114 3125 1471 3196 autumanti,
1512 3123 1795 3181 creduas:
2055 3125 2191 3180 1370

218 3212 335 3270 Vel
383 3210 582 3269 maius
624 3211 743 3269 isto
786 3229 1005 3268 munus
1048 3211 1371 3268 attribuam
1417 3210 1546 3267 tibi.

219 3301 302 3355 At
348 3297 449 3355 vel
497 3296 822 3372 sepulchro
863 3296 1141 3368 affectus,
1184 3296 1463 3353 inimicus
1502 3293 1650 3350 mihi

219 3382 355 3441 Erit
397 3383 538 3453 iste,
577 3389 642 3437 tu
686 3381 782 3437 fac
828 3400 1007 3439 omne
1054 3381 1218 3456 quod
1260 3382 1423 3439 facto
1473 3386 1566 3437 est
1611 3395 1786 3452 opus.

224 3465 336 3526 ch.
427 3466 808 3542 Quicunque,
849 3466 1100 3542 Ulysse,
1150 3484 1364 3540 sapere
1405 3473 1466 3521 te
1518 3483 1639 3521 non
1684 3459 1903 3519 dixerit

222 3552 439 3609 Talem
491 3551 706 3623 virum,
753 3558 814 3608 et
857 3560 1110 3623 tantum,
1145 3550 1252 3608 ille
1297 3569 1439 3609 vero
1489 3547 1733 3624 desipit.
2060 3548 2193 3602 1375
