2452 4186
1091 285 1167 344 81

213 451 342 508 Iam
390 450 661 523 laudum,
707 460 768 509 et
811 471 1011 511 rerum
1054 454 1272 513 melior
1318 463 1375 512 te
1416 455 1683 530 postulat
1721 456 1890 515 ordo.

216 535 318 596 Sic
364 555 508 612 ego:
558 537 647 594 sic
688 535 848 594 Diva
891 539 1008 596 hoc
1051 558 1335 597 sermone
1380 539 1624 597 silentia
1665 541 1841 617 rupit.

297 620 617 697 Principio
659 619 898 680 Natura
926 642 1172 698 parens,
1216 643 1398 699 quum
1437 624 1622 683 vellet
1661 626 1724 682 in
1761 646 1885 685 una

216 704 524 783 Congerie
574 706 853 765 decorum
900 710 1259 767 commercia
1304 709 1494 767 multa
1536 711 1721 782 coire,

215 794 419 867 Atque
458 791 764 850 hominem
811 794 1156 869 exemplum
1206 794 1389 852 seclis
1434 795 1677 871 insigne
1715 795 1934 856 futuris

214 876 599 948 Parturiens,
640 876 808 935 cuius
850 879 966 936 sub
1004 888 1246 954 pectore
1290 879 1573 937 conderet
1618 880 1746 953 illa,

215 961 401 1023 Hunc
444 961 692 1023 humilis
738 962 855 1020 vici
900 965 1101 1022 caecis
1148 964 1357 1040 vagire
1397 964 1672 1037 latebris,

215 1049 341 1106 Aut
374 1046 661 1123 ignorata
698 1047 909 1106 nutriri
953 1049 1149 1107 noluit
1190 1050 1360 1123 urbe,

218 1130 343 1191 Sed
384 1132 559 1208 regni
603 1132 870 1205 domina,
914 1133 1076 1208 quod
1118 1134 1323 1210 regnis
1369 1134 1644 1192 omnibus
1691 1134 1881 1207 orbi8‚

220 1217 526 1277 Omnibus
569 1217 846 1292 Europae
891 1219 1208 1295 praecellit
1256 1228 1319 1276 ut
1360 1219 1608 1276 urbibus
1651 1219 1785 1277 illa:

216 1302 306 1362 Ut
349 1306 671 1361 commune
705 1302 912 1375 decus,
956 1304 1282 1378 sociaeque
1326 1303 1605 1380 insignia.
1640 1303 1838 1362 laudis

218 1387 378 1445 Tam
420 1386 587 1445 locus
631 1406 669 1444 a
709 1396 854 1446 nato
894 1398 1156 1464 caperet,
1203 1408 1386 1462 quam
1430 1396 1608 1445 natus
1652 1391 1728 1447 ab
1770 1389 1900 1447 illo.

216 1472 563 1548 Regnatrix
606 1472 806 1530 clarae
848 1492 1145 1549 generosa
1187 1473 1433 1531 Lutetia
1466 1481 1683 1544 terrae,

217 1558 381 1633 Quis
430 1576 769 1616 memorare
816 1566 951 1616 tuas
993 1568 1089 1618 sat
1137 1559 1319 1635 digno
1362 1558 1630 1615 carmine
1659 1558 1846 1620 ,dotes

213 1646 348 1702 Aut
389 1640 603 1700 laudes
650 1662 913 1719 aequare
952 1653 1150 1717 queat,
1196 1663 1351 1718 quae
1394 1643 1602 1707 debita
1632 1644 1827 1703 Musis

214 1728 346 1786 Tot
385 1727 572 1803 pleno
619 1727 801 1786 toties
835 1728 1045 1789 fudisti
1087 1729 1338 1805 pignora
1381 1728 1589 1785 foetu?

210 1813 322 1871 Tu
370 1831 651 1888 generas,
699 1813 803 1888 qui
849 1813 984 1872 iura
1026 1824 1267 1890 regunt,
1315 1814 1417 1887 qui
1453 1813 1691 1890 legibus
1738 1813 1918 1871 urbes

207 1900 301 1957 Et
356 1897 583 1956 sanctis
632 1899 779 1956 recti
825 1899 1085 1975 populos
1131 1898 1524 1956 moderantur
1565 1897 1841 1955 habenis.

208 1982 369 2043 Non
419 1981 541 2046 alia
578 1983 751 2043 nasci
794 1983 1105 2045 Puteanus
1150 1983 1358 2041 debuit
1402 1984 1573 2055 urbe,
1893 2054 1896 2059 .

209 2075 353 2129 Aut
378 2068 592 2144 potuit,
642 2087 822 2144 quam
867 2088 1024 2146 quae
1065 2068 1335 2146 propriis
1382 2068 1699 2127 virtutibus
1744 2066 1915 2128 illum

206 2154 579 2225 Excoleret‚
625 2154 1004 2229 similemque
1051 2155 1179 2213 suis
1224 2154 1518 2212 formaret
1560 2154 1843 2212 alumnis.

207 2240 513 2299 Protinus
561 2238 806 2299 altrices
846 2240 1128 2314 linquens
1172 2239 1434 2297 infantia
1478 2257 1666 2297 cunas

206 2324 527 2384 Imbuitur
570 2324 807 2397 studiis,
857 2333 917 2382 et
962 2325 1156 2401 primo
1204 2325 1371 2395 flore,
1416 2325 1692 2382 Minerva

206 2409 569 2484 Eductrice‚
615 2410 798 2469 rudes
844 2410 1151 2487 poliuntur
1194 2408 1453 2467 cultibus
1496 2409 1660 2466 anni.

204 2494 558 2570 Excipiunt
592 2514 842 2569 puerum
884 2496 1133 2572 gremiis
1168 2493 1529 2552 florentibus
1584 2495 1787 2552 Artes.

203 2585 392 2642 Ante
432 2598 639 2638 omnes
684 2580 879 2637 teneri
921 2580 1308 2638 moderamen
1353 2578 1610 2654 suscipit
1652 2576 1809 2648 aevi,

207 2666 404 2739 Quae
451 2663 646 2736 docet,
688 2672 755 2722 ut
791 2666 990 2741 primo
1033 2665 1330 2723 formetur
1371 2663 1551 2721 litera
1594 2662 1795 2734 ductu,

203 2752 306 2811 Ut
360 2749 681 2808 commissa
723 2750 851 2808 suis
898 2758 1170 2807 nectatur
1209 2748 1449 2824 syllaba
1493 2748 1694 2807 nodis:

204 2839 431 2908 Atque
477 2853 586 2909 per
626 2834 915 2894 articulos
961 2835 1366 2908 distinctaque
1408 2835 1678 2891 membra
1718 2830 1962 2908 legendi

202 2918 511 2980 Daedala
544 2928 899 2995 perpetuam
941 2928 1115 2978 texat
1154 2928 1456 2978 structura
1495 2918 1824 2993 loquelam:

202 3007 435 3078 thue
477 3004 601 3062 suis
644 3004 903 3080 pedibus
947 3005 1289 3082 gradientia
1332 3004 1600 3062 carmina
1643 3008 1909 3078 surgant.

204 3089 397 3149 Huic
443 3108 620 3147 soror
661 3108 967 3149 exacuens
1013 3089 1230 3149 studiis
1280 3089 1526 3148 solertia
1573 3087 1779 3158 corda,

204 3178 303 3235 Et
357 3174 568 3233 stricto
610 3175 840 3233 vultum
886 3193 1255 3250 componens
1297 3173 1570 3251 pondere
1609 3172 1810 3230 vultus

207 3259 520 3323 Succedit
557 3258 799 3333 Critice‚
845 3261 1020 3336 pueri
1065 3278 1219 3333 quae
1273 3258 1558 3316 sensibus
1602 3275 1782 3315 omne

208 3344 573 3420 Cecropiae
613 3354 674 3403 et
708 3346 929 3403 Latiae
972 3351 1208 3403 reserat
1249 3343 1564 3419 penetrale
1607 3349 1913 3413 senectae,

208 3429 540 3507 Quicquid
583 3431 745 3506 apud
790 3448 1102 3501 numeros,
1150 3428 1416 3486 numeris
1461 3435 1565 3484 aut
1602 3447 1743 3487 orsa
1780 3426 1986 3485 soluta

204 3514 522 3576 Venturis
567 3515 752 3576 seclis
796 3514 1300 3574 commendavere
1336 3513 1575 3590 papyri.

1616 3610 1654 3668 6
