2452 4186
1231 277 1356 337 248

793 445 1102 504 Praefatio
1143 443 1398 505 catonis
1440 446 1529 504 ad*
1558 444 1800 505 Filium.

382 524 441 587 Φ
486 525 794 608 ασάμενος
833 526 1156 594 πλείστους
1206 526 1577 611 ἀνθρώπων,
1623 529 1710 595 ὡς
1749 527 1888 610 περὶ
1937 526 2211 610 θεσμοὺς

376 546 587 673 Ἠρθῶν
630 611 983 687 πλάζονται,
1030 612 1434 695 προνοεῖσθαι
1471 612 1665 674 τῶνδε
1709 612 1973 694 μάλιστα

373 691 575 763 ἈΕιον
624 696 930 778 ὠϊσάμην,
976 696 1079 758 καὶ
1122 697 1396 779 λήματος
1431 694 1896 780 ἀντιλαβέσθαι,

369 773 582 861 Ὄφρα
624 780 832 847 καλῶς
876 782 1106 855 ζώωσι,
1148 782 1251 842 καὶ
1292 779 1542 848 εὐκλεὲς
1584 777 1767 864 εὖχος
1813 779 2104 863 ἄρωνται.

380 860 571 945 Δεόρ’
621 862 732 945 ἄγε
770 863 977 927 τέκνον
1022 864 1163 947 ἐμοὶ
1205 864 1674 949 κεχαρισμένον,
1714 866 1801 933 ὥς
1843 888 1916 927 σε
1942 865 2171 935 διδάξω

379 944 528 1015 Πῶς
565 948 678 1023 δεῖ,
724 948 1096 1032 ῥυθμίζοντα
1134 954 1279 1012 τεοῦ
1320 950 1461 1017 νοὸς
1496 949 1660 1032 ἤθεα
1695 953 1969 1034 κοσμεῖν.

381 1028 568 1100 Τάςδ’
618 1029 725 1094 οὖν
771 1032 1045 1101 ἐντολίας
1084 1034 1416 1116 ἀνάγνωθι,
1450 1033 1647 1116 γνῶθί
1682 1032 1742 1094 τ’
1789 1033 2106 1115 ἀναγνούς.

359 1112 479 1178 Ὧν
522 1114 639 1200 γὰρ
689 1116 924 1199 ἀνέγνω
961 1118 1068 1194 τίς,
1116 1118 1199 1201 μὴ
1245 1116 1310 1181 δ’
1360 1117 1541 1201 ἔγνω,
1585 1120 1789 1203 πάγχυ
1835 1117 2130 1201 κατέγνω.

379 1306 441 1346 α.
490 1281 616 1348 Καὶ
636 1286 711 1367 δὴ
736 1283 1000 1349 ἄκουσον
1025 1285 1200 1369 ἐμοῦ.
1223 1285 1368 1372 Θεῷ
1383 1285 1596 1370 εὔχου.
1617 1284 1844 1369 Στέργε
1859 1290 2108 1371 τοκῆας.
2151 1288 2206 1371 β.

376 1392 432 1451 γ.
494 1366 653 1437 Τοὺς
694 1369 893 1452 πηοὺς
935 1370 1101 1452 τίμα.
1152 1368 1271 1434 Τὸν
1316 1371 1631 1456 ὑφηγητὴν
1675 1372 2025 1457 πεφόβησο.
2153 1373 2204 1433 δ.

380 1476 432 1516 ε.
491 1451 775 1538 Τήρησον
802 1456 869 1517 τὸ
905 1455 1109 1518 δοθέν.
1138 1453 1442 1538 Νομίμοις
1473 1456 1702 1540 ἀγορᾶς
1734 1457 2106 1519 ὑποτάσσου.
2154 1480 2206 1526 ς.

380 1541 432 1609 ζ.
489 1535 635 1607 Τοῖς
653 1539 909 1621 ἀγαθοῖς
936 1541 1196 1624 ἀνδρῶν,
1217 1542 1319 1603 καὶ
1340 1544 1465 1608 τοῖς
1491 1541 1872 1623 φρονίμοισιν
1902 1540 2125 1623 ὁμίλει.

376 1645 439 1706 η.
485 1619 595 1690 Εἰς
617 1624 723 1706 τὴν
757 1623 1125 1709 συμβούλων
1157 1623 1366 1709 ἅγυριν
1401 1625 1481 1708 μὴ
1528 1626 1743 1707 ἀκλητὶ
1768 1624 2125 1708 παρελθεῖν.

375 1707 438 1769 θ.
488 1704 913 1791 Κοσμιότητος
943 1706 1094 1793 ἔχου
1135 1710 1448 1792 καθαρῶς.
1501 1708 1906 1778 Ἀσπαστικὸς
1935 1709 2081 1772 ἴσθι.
2171 1734 2207 1772 ι.

380 1814 462 1854 ια.
485 1788 664 1861 ΕἶΕον
691 1792 1152 1877 ἀρειοτέροισιν.
1199 1791 1680 1877 Ἀφαυροτέρων
1706 1795 2038 1880 πεφίδησο.
2133 1797 2207 1880 ιβ.

379 1899 454 1958 ιγ.
484 1873 785 1960 Κτήματα
814 1883 926 1940 σοῦ
956 1882 1179 1961 τηρεῖν.
1214 1878 1385 1940 Αἰδῶ
1424 1878 1523 1941 ἐπὶ
1554 1882 1700 1940 πᾶσι
1735 1880 2084 1963 φυλάττειν.
2134 1881 2208 1942 ιδ.

380 1982 451 2023 ιε.
496 1957 807 2044 Τημελίην
838 1963 1032 2026 ἄσκει.
1078 1960 1348 2047 Βιβλίων
1384 1962 1476 2025 ὅτι
1496 1965 1752 2026 πλεῖστα
1783 1959 2062 2048 διέρχου.
2136 1988 2208 2034 ις.

379 2049 453 2118 ιζ.
493 2043 702 2109 Πάντα
736 2046 801 2108 δ’
834 2048 921 2110 ἐνὶ
943 2048 1151 2131 μνήμῃ
1176 2047 1509 2130 ταμιεύειν,
1539 2048 1623 2110 ὧν
1650 2072 1751 2112 κεν
1785 2050 2083 2134 ἀναγνῷς.

379 2154 461 2214 ιη.
490 2126 627 2192 Τῶν
662 2132 830 2194 ἰδίων
860 2137 1166 2216 προνοεῖν.
1202 2130 1430 2215 Πρᾴως
1463 2135 1783 2197 πάντεσσιν
1820 2136 1851 2197 ὁ
1908 2137 2081 2199 ιλεῖν.
2131 2135 2209 2197 ιθ.

376 2240 432 2277 κ.
492 2210 597 2298 Μὴ
635 2221 894 2300 νεμεσᾷν
926 2217 1188 2298 ἀλόγως.
1212 2219 1537 2301 χλευάζειν
1563 2219 1827 2300 μηδενὸς
1848 2241 2049 2303 εργον.
2112 2243 2210 2283 κα.

374 2302 471 2448 ἒξ·
486 2297 889 2467 ἔὲἢῗὲἓῇῗν
905 2302 1261 2470 ἶῗάῖῗέῗξῗὲ
1276 2301 2073 2471 ἕτξχρέτῗεέᾆδῗνῗὲἔῖζὲἕ·
2119 2328 2208 2452 ἓῖ·

374 2493 469 2539 κς.
489 2466 594 2551 Μὴ
625 2470 1036 2539 πολύδειπνος
1059 2469 1228 2554 ἔμεν,
1255 2413 1334 2554 ,εἴη
1368 2412 1654 2555 affigam
1679 2412 2113 2544 Zkamdeew.

373 2557 465 2625 κζ.
484 2548 649 2617 Εὖδε
674 2555 741 2616 τὸ
765 2554 982 2636 μέτρον
1002 2562 1132 2619 σοῦ.
1166 2553 1260 2617 Τὰ
1286 2553 1509 2638 ἔνορκα
1537 2557 1743 2618 δίκαια
1762 2557 2052 2641 φύλαττε.
2110 2584 2207 2644 κη.

374 2634 796 2723 κθ.ΟἰνόφλυΕ
825 2640 906 2723 μὴ
927 2641 1155 2722 γίγνου.
1184 2640 1577 2721 Ἀμόνασθαι
1612 2642 1751 2723 περὶ
1782 2643 2038 2727 πάτρης.
2154 2647 2207 2708 λ.

376 2726 472 2789 λα.
486 2720 590 2807 Μὴ
608 2731 929 2806 προπετῶς
946 2723 1439 2811 πίστευσον.Ἀεὶ
1458 2725 1687 2808 βουλὴν
1712 2727 1816 2794 δὸς
1838 2727 2065 2814 ἑαυτῷ.
2115 2732 2150 2791 λ
2191 2775 2208 2793 .

375 2810 468 2890 λγ.
484 2804 802 2893 Μαχλάδα
838 2807 1068 2893 πόρνην
1109 2814 1321 2895 φεῦγε.
1385 2808 2067 2957 Διδάσκουλέράμματα
2115 2816 2151 2876 λ
2191 2860 2207 2876 .

1599 2918 1677 2957 πο
1764 2919 1822 2958 α.

375 2974 586 3060 λε.Μὴ
627 2979 913 3061 γλώσσης
955 2979 1216 3062 ψεόδοιο
1251 2977 1660 3073 χαριζόμενος
1700 2986 2024 3064 παρεοῦσι.

371 3057 637 3130 λς.Τοὺς
662 3061 936 3144 ἀγαθοὺς
960 3061 1029 3127 εὖ
1059 3064 1221 3148 ἕρδε.
1247 3062 1426 3146 Κακη
1470 3065 1642 3145 ορίας
1668 3064 2041 3149 ἀπέχεσθαι.
2119 3070 2208 3137 λζ.

374 3141 563 3229 λη.Τὸ
589 3144 819 3228 τρόπου
855 3147 1170 3232 εὔσχημον
1199 3152 1271 3235 τή
1317 3171 1389 3211 ει.
1494 3148 1533 3210 ὰ
1562 3148 1768 3211 δίκαια
1793 3150 2025 3222 δίκαζε.
2108 3151 2208 3215 λθ.

375 3254 438 3314 μ.
477 3225 789 3315 Καρτερίῃ
821 3231 1042 3314 γονέας
1075 3235 1232 3298 νίκα.
1351 3232 1581 3315 έμνησο
1618 3233 1837 3296 παθὼν
1866 3232 1958 3297 εὖ.
2103 3257 2207 3318 μα.

376 3314 838 3401 μβ.Δυστυχέας
866 3317 947 3400 μὴ
976 3323 1240 3383 σκῶπτε.
1273 3319 1473 3383 Pavo&
1497 3317 1749 3386 σύννους
1774 3341 1839 3381 τε
1871 3321 1976 3383 καὶ
2000 3320 2102 3405 ἐμ·

1603 3425 1797 3487 φρων.

375 3480 677 3568 μδ.Ἀμφ’
713 3483 935 3569 ἀρετὴν
964 3488 1220 3574 τρίβοιο.
1261 3486 1539 3551 Χαλινοῦ
1569 3488 1783 3571 μήνιος
1806 3488 2027 3572 ὁρμὴν.
2109 3509 2201 3571 με.
