2452 4186
1093 303 1218 363 369

242 471 447 530 Miseri
490 470 761 546 lupinam
803 473 998 552 patris
1038 472 1309 549 explevit
1348 473 1592 547 famem,

241 557 589 616 Extremam
634 557 862 615 arantis
901 565 1122 615 terram
1173 558 1402 617 Edonis
1451 559 1768 636 hospitem.

240 644 352 700 Ast
394 641 550 699 ultor
599 660 739 699 acer
777 642 991 718 Phryx
1040 643 1208 701 necis
1252 643 1526 701 sororiae

241 726 473 785 Rursus
513 726 805 788 nutricem
852 727 1255 785 continentem
1300 728 1496 785 diruet

240 811 439 868 Parici
485 812 685 888 opaci,
733 811 866 868 iura
906 812 1344 872 sincerissuma

242 896 575 955 Reddentis
623 904 752 953 arte
791 904 1146 955 contumace
1185 897 1491 975 pluribus:
1527 917 1532 922 ·

241 981 567 1040 Lalisionis
615 982 848 1038 aurium
897 983 1000 1058 qui
1042 983 1414 1059 appendices

240 1066 489 1125 Flaccas
530 1066 829 1139 recidens,
873 1075 1140 1142 tempora
1186 1068 1430 1127 ornabit
1472 1085 1604 1140 sua,

244 1151 470 1210 Muscis
520 1151 795 1209 timorem
837 1153 1260 1228 sanguisorbis
1304 1153 1623 1210 adferens:

246 1234 355 1294 Cui
400 1244 617 1294 cuncta
659 1236 960 1313 Phlegrae
1004 1246 1166 1294 terra
1211 1247 1393 1315 capta
1432 1237 1675 1307 serviet,

246 1320 828 1395 Thrambusiumque
871 1322 1128 1395 culmen,
1175 1331 1354 1396 atque
1401 1321 1630 1379 caeruli

241 1405 451 1482 Rupes
495 1406 762 1477 Titonis,
810 1415 988 1480 atque
1038 1405 1361 1467 Sithonum
1404 1406 1643 1484 plagae.

242 1490 703 1565 Palleniumque
742 1491 1038 1567 iugerum,
1087 1493 1251 1567 quod
1297 1492 1577 1568 corniger

241 1576 442 1633 Rumo
492 1576 750 1652 saginat,
792 1576 924 1633 lixa
955 1577 1155 1654 gentis
1203 1576 1461 1634 accolae.

241 1661 465 1718 Multas
510 1661 782 1719 vicissim
828 1662 1158 1719 concitabit
1197 1662 1499 1719 lacrumas

192 1779 197 1782 -
245 1745 533 1820 Quirinus
581 1755 683 1803 aut
726 1745 1051 1819 GradivuS,
1098 1756 1200 1804 aut
1244 1766 1422 1822 quem
1470 1745 1698 1802 dixeris

240 1830 689 1907 Ligurrientem
726 1839 867 1907 pota
913 1832 1097 1889 caede
1140 1832 1394 1908 praelia.

243 1914 366 1975 Sed
412 1936 537 1973 non
585 1915 856 1991 quiescet
896 1917 986 1974 sic
1030 1936 1254 1992 parens
1298 1916 1661 1987 Promethei,

243 1998 364 2060 Sed
410 2020 520 2077 pro
560 2001 863 2060 universis
907 2002 1113 2077 stirpis
1162 2022 1347 2060 unum
1385 2001 1599 2059 Persei

240 2086 442 2144 Mittet
485 2086 811 2163 gigantem,
859 2088 953 2145 cui
991 2088 1093 2144 via
1134 2108 1299 2146 mare
1347 2088 1655 2165 hospitum

239 2172 372 2228 Erit
415 2171 705 2247 pedestri,
751 2181 811 2230 et
859 2182 1018 2232 terra
1065 2174 1448 2250 navigabitur
1491 2192 1504 2203 ¹*

241 2256 468 2313 Tonsis
515 2258 747 2314 secanti
783 2277 940 2314 rura.
987 2266 1128 2315 tunc
1170 2259 1481 2315 Feretriae

237 2340 480 2399 Domus
526 2340 814 2414 Quirinae
858 2349 988 2399 tota
1026 2344 1291 2419 flagrans
1336 2341 1576 2417 ignibus

241 2425 397 2485 Cum
442 2426 813 2483 moeniorum
861 2425 1061 2503 ligneo
1106 2426 1461 2502 procestri0‚

237 2512 520 2569 Faunum
564 2512 808 2569 vocabit
848 2513 1044 2587 pestis
1090 2520 1379 2582 autorem,
1426 2528 1713 2586 augurem

238 2596 720 2669 Mendaciorum,
766 2597 1104 2673 Februique
1146 2596 1495 2654 antistitem.

242 2680 603 2754 Grudaeque
650 2683 815 2758 genti
859 2691 1073 2740 cuncta
1115 2682 1434 2740 mandetur
1482 2679 1658 2738 simul

238 2765 554 2843 Deglubta
600 2767 824 2843 duplici
868 2768 1163 2826 delibrato
1211 2768 1429 2824 cortice

239 2853 568 2910 Mansueta
613 2853 817 2909 nutrix
858 2853 1179 2924 fructuum,
1225 2860 1407 2927 atque
1453 2851 1636 2908 arbos
1686 2849 1843 2906 fera:

239 2937 656 2994 Exhaurietur
695 2938 894 2995 omnis
940 2939 1101 2995 unda
1144 2937 1452 2994 fluminum

243 3020 396 3081 Sitis
446 3020 685 3080 calores
731 3022 960 3079 affatim
1006 3022 1515 3099 extinguentiumt

239 3105 463 3164 Nubes
509 3107 747 3183 sagittis
790 3107 1024 3165 eminus
1074 3107 1467 3166 stridentibus

245 3190 451 3268 Super
489 3199 671 3268 caput
711 3194 1071 3265 crebrescet,
1121 3203 1302 3267 utque
1349 3189 1688 3249 Cimmerae

245 3276 542 3336 Obnubet
585 3279 832 3334 umbrae
877 3277 1116 3351 squalor
1158 3279 1490 3335 obscurans
1532 3273 1723 3330 iubar.

244 3360 464 3434 Qualis
507 3361 831 3421 Locrensis
877 3381 995 3435 non
1040 3361 1140 3419 diu
1178 3362 1359 3420 vivax
1400 3378 1566 3429 rosa,

245 3447 331 3503 Et
366 3453 584 3504 cuncta
622 3455 870 3506 vastans
910 3446 1075 3504 velut
1116 3448 1323 3522 aprica
1362 3442 1671 3514 stramina,

242 3531 491 3590 Rursus
538 3532 762 3590 feretur
801 3533 866 3589 in
912 3532 1101 3609 pedes
1138 3531 1503 3608 reciprocus,

1591 3611 1673 3672 24

2035 475 2204 530 ’1395

2070 904 2206 957 1400

2071 1323 2204 1377 1405

2072 1746 2209 1801 1410

2074 2168 2207 2225 1415

2074 2598 2211 2652 1420

2075 3024 2211 3078 1425

2078 3446 2214 3499 1430
