2452 4186
1269 297 1349 357 62

399 464 563 522 Hinc
605 465 775 522 fovet
818 464 1084 523 infantes
1128 467 1451 544 prudentia
1488 466 1637 524 iuris
1682 465 2000 528 alumnos:

482 550 692 608 Munia
736 549 1046 607 abortivus
1088 570 1326 611 summa
1370 549 1633 611 Senator
1674 551 1816 611 obit.

398 636 504 694 Dii
549 636 790 706 melius,
837 643 1077 692 nostrae
1114 637 1278 711 quod
1322 656 1447 694 non
1487 645 1774 712 pertaesa
1811 637 2096 696 iuventae

485 721 725 780 Erudiit
765 738 984 777 sensus
1032 719 1216 779 Curia
1260 723 1457 798 prima
1504 739 1695 779 meos.

400 807 670 865 Exactos
712 804 915 881 legum
954 823 1091 863 mea
1126 826 1300 865 mens
1347 815 1620 882 spectata
1665 826 1776 882 per
1818 826 1965 866 usus

485 890 824 971 Emendata
875 890 1056 949 bonis
1103 892 1363 949 cultibus
1412 900 1552 948 ante
1602 892 1733 948 fuit.

400 975 698 1051 Quicquid
749 975 813 1031 in
856 978 1120 1034 aeternis
1161 976 1433 1054 positum
1479 976 1873 1034 memorabile
1915 977 2140 1036 chartis

485 1059 801 1118 Historiae
841 1061 1063 1119 veteris
1105 1062 1283 1137 copia
1327 1062 1496 1119 dives
1539 1062 1749 1119 habet:

400 1144 689 1218 Quaeque
734 1163 845 1220 per
886 1145 1137 1205 annales
1181 1146 1417 1222 priscos
1460 1155 1563 1203 aut
1608 1144 1847 1204 Graeca
1894 1154 2195 1219 vetustaS,

487 1232 841 1307 Magnarum
894 1240 998 1286 aut
1032 1233 1233 1288 reruim
1276 1232 1516 1289 conscia
1563 1231 1759 1288 Roma
1797 1239 1994 1290 notat:

402 1315 561 1373 Tum
605 1315 850 1392 linguae
893 1316 1153 1373 studium
1196 1317 1491 1375 Varronis
1541 1335 1716 1374 sacra
1757 1316 1987 1389 diserti,

487 1401 752 1458 Romani
798 1400 1023 1474 eloquii
1065 1420 1342 1477 quaeque
1383 1409 1623 1459 tuentur
1666 1420 1843 1476 opes:

404 1484 639 1544 Cuncta
681 1485 832 1542 mihi
871 1495 1159 1562 percepta
1200 1486 1392 1563 prius,
1439 1505 1620 1562 quam
1651 1486 1882 1544 audere
1927 1486 2169 1544 viderer

487 1569 693 1628 Nauta
736 1588 848 1645 per
890 1572 1131 1647 ignotos
1173 1571 1478 1628 velificare
1519 1571 1709 1630 lacus.

402 1655 537 1714 Nec
578 1654 837 1712 blandas
880 1656 1085 1731 sprevi
1137 1657 1493 1712 commercia
1529 1655 1740 1713 mollia
1782 1656 2013 1714 Musas.

489 1740 653 1815 Quin
695 1739 893 1814 spatia
932 1741 1082 1797 haec
1128 1741 1306 1798 metis
1350 1741 1548 1817 prima
1592 1741 1762 1797 fuere
1808 1740 1979 1799 meis.

401 1825 680 1901 Languet
712 1826 774 1882 in
817 1824 1060 1882 incultis
1107 1825 1325 1883 animis
1371 1825 1689 1903 prudentia
1741 1824 1971 1902 legum:

490 1908 787 1970 Sensibus
830 1909 1141 1970 instructis
1188 1911 1381 1968 acrior
1421 1910 1530 1967 illa
1575 1910 1752 1968 subit.

401 1997 565 2055 Hinc
607 2015 704 2052 me
748 1995 1013 2053 Romani
1052 1996 1337 2053 devotum
1381 1996 1529 2053 iuris
1570 1995 1876 2052 alumnum

486 2080 820 2157 Excipiunt
862 2081 1176 2140 Themidis
1228 2101 1403 2139 sacra
1443 2080 1705 2139 verenda
1747 2080 1939 2139 Deae.

402 2169 527 2226 Vix
566 2167 662 2225 his
708 2166 1007 2242 egredior,
1050 2187 1193 2224 mox
1239 2186 1335 2224 me
1378 2167 1616 2224 Palatia
1656 2174 1939 2242 poscunt.

489 2251 806 2310 Convenio
854 2252 1031 2309 miles
1065 2252 1142 2309 ad
1183 2270 1321 2309 mea
1363 2253 1539 2328 signa
1581 2253 1899 2327 frequens:

374 2327 643 2414 'Fungor
686 2336 1002 2395 honoratis
1050 2337 1305 2409 vicibus,
1354 2337 1729 2410 celebrisque
1775 2356 1886 2412 per
1923 2354 2137 2394 omnes

486 2420 743 2480 Militiae
785 2430 1028 2479 exercet
1067 2441 1162 2479 me
1204 2430 1344 2498 toga
1384 2422 1563 2479 docta
1600 2422 1842 2498 gradus.

401 2510 500 2580 Et,
538 2506 700 2581 quod
744 2516 891 2565 nota
933 2508 1138 2565 forent
1179 2507 1327 2564 mihi
1367 2526 1601 2565 summa
1646 2507 1914 2582 negotia,
1954 2508 2204 2584 magnis

486 2593 840 2668 Principum
882 2593 1161 2650 amicitiis
1195 2593 1455 2669 publica
1499 2611 1641 2649 cura
1682 2591 1789 2648 fui.

402 2676 688 2738 Summus
728 2696 888 2754 apex
926 2679 1216 2748 restabat,
1261 2688 1321 2734 et
1359 2678 1514 2753 ipsis
1556 2677 1843 2754 proxima
1884 2675 2064 2733 Divis

489 2761 658 2833 Quae
709 2761 875 2819 claro
919 2763 1111 2839 fulget
1150 2781 1420 2838 purpura
1463 2763 1656 2836 prima
1693 2762 1846 2818 loco.

401 2846 834 2906 Emendicatae
879 2867 1005 2905 non
1045 2848 1202 2903 hanc
1245 2847 1534 2923 suffragia
1571 2847 1759 2916 vocis,

484 2931 624 2990 Non
672 2950 923 3007 magnas
965 2932 1214 2989 vincens
1261 2932 1520 2990 ambitus
1570 2951 1709 2990 acer
1751 2950 1922 3005 ope8‚

405 3016 616 3076 Gratia
658 3036 777 3073 non
826 3017 1150 3092 expressit.
1197 3017 1545 3074 inaffectata
1586 3034 1902 3092 supremus

487 3101 708 3159 Virtuti
748 3120 1005 3178 magnae
1044 3102 1318 3178 praemia
1355 3102 1566 3179 pendit
1603 3103 1817 3160 honos.

402 3186 546 3245 Non
590 3188 722 3245 sine
764 3187 904 3246 Diis
943 3188 1211 3265 probitas
1259 3194 1572 3264 grassatur
1615 3188 1693 3244 ad
1736 3185 1923 3242 ardua
1959 3203 2190 3245 rerum.

486 3270 633 3330 Non
675 3272 832 3330 levis
871 3281 965 3330 est
1003 3273 1221 3331 summi
1264 3273 1513 3330 conscia
1556 3289 1776 3330 caussa
1819 3270 2062 3347 gradus.

402 3354 656 3416 Culmen
706 3357 782 3413 ad
823 3358 942 3415 hoc
980 3360 1177 3434 patuit
1214 3358 1314 3415 via
1357 3357 1647 3416 moribus.
1690 3358 1805 3414 huc
1849 3374 1985 3413 mea
2034 3354 2240 3419 virtus

486 3443 587 3499 Me
630 3443 812 3500 vehit.
866 3443 1017 3499 haec
1056 3444 1189 3500 rexi
1237 3443 1415 3519 signa
1457 3449 1714 3500 vocante
1760 3440 1917 3500 Deo.

399 3525 753 3601 Quemlibet
793 3527 1038 3585 obiiciat
1081 3528 1261 3585 nobis
1310 3546 1541 3587 annosa
1582 3535 1875 3597 vetustas,
