2452 4186
1137 299 1218 358 89

267 465 550 526 Carmine
596 467 911 543 placantes
962 470 1134 543 pueri
1177 470 1340 544 quod
1380 469 1627 526 duceret
1668 487 1867 541 aures,

261 554 340 611 Et
386 571 647 628 puerum
690 570 942 610 somnos
986 554 1225 629 placide
1270 554 1551 613 suaderet
1595 555 1766 611 inire.

264 637 575 709 Carmine,
617 638 780 712 quod
825 647 1036 697 sancto
1086 638 1402 715 Sapientia
1445 639 1696 712 protulit
1741 658 1869 711 ore,

265 723 493 783 Omnia
539 721 889 782 Socraticae
935 732 1216 801 retegens
1260 742 1482 781 arcana
1522 734 1825 797 senectae,

261 807 595 866 Imbiberet
634 808 864 866 teneris
907 810 1070 882 quod
1112 818 1351 868 mustea
1388 808 1910 882 sensibus'aetaS,

262 896 466 967 Atque
507 893 813 968 impressa
858 894 975 952 sibi
1016 913 1216 951 rerum
1265 894 1589 953 simulacra
1633 903 1865 954 teneret

262 978 621 1050 Insinuans,
662 978 936 1052 udaeque
976 979 1203 1038 docens
1249 980 1588 1037 inolescere
1637 982 1843 1053 menti,

264 1062 485 1123 Servat
528 1063 607 1120 ab
646 1063 936 1138 imposito
977 1064 1209 1123 formas
1254 1073 1321 1121 ut
1362 1083 1501 1122 cera
1547 1064 1772 1141 sigillo.

262 1148 415 1206 Inde
454 1166 610 1224 puer
650 1146 921 1223 Sophiae
965 1167 1115 1223 quas
1158 1169 1284 1206 nox
1325 1149 1526 1224 sopita
1566 1150 1791 1226 figuras

261 1233 584 1304 Intulerat,
628 1233 888 1310 vigilans
936 1235 1206 1311 agitabat
1253 1243 1453 1292 mente
1499 1234 1730 1291 diurna.

261 1319 345 1376 Et
388 1317 555 1393 quod
600 1316 701 1374 vix
747 1319 996 1378 senibus
1045 1320 1179 1377 duri
1220 1319 1484 1377 tribuere
1526 1319 1793 1390 laboreS,

262 1402 498 1460 Infanti
536 1402 650 1459 fuit
694 1403 810 1461 hoc
853 1405 1107 1479 puerilis
1153 1405 1373 1463 ducere
1414 1404 1606 1461 lusus.

262 1487 533 1546 Vixdum
573 1488 859 1547 firmabas
906 1490 1111 1547 stabili
1150 1489 1412 1565 vestigia
1452 1505 1691 1566 gressu,

157 1569 170 1578 ⁶
262 1573 535 1631 Ludicra
573 1572 741 1630 nulla
783 1574 914 1645 tibi,
955 1593 1080 1632 non
1124 1593 1283 1632 vana
1326 1573 1651 1649 crepundia
1690 1573 1878 1644 cordi,

262 1656 414 1716 Non
457 1658 683 1734 ignava
721 1659 916 1732 quies,
964 1678 1087 1717 non
1139 1659 1368 1718 desidis
1415 1659 1543 1718 otia
1584 1657 1733 1730 ludi,

266 1741 393 1803 Sed
434 1744 652 1800 Musae
698 1750 913 1802 tenues
953 1744 1249 1821 Pelignae
1290 1745 1486 1822 gentis
1532 1744 1835 1815 alumnae,

265 1826 394 1888 Sed
439 1834 665 1886 teretes
712 1826 974 1888 Calabro
1017 1830 1310 1888 modulati
1354 1829 1594 1905 pectine
1640 1837 1874 1897 cantus,

262 1916 466 1987 Atque
504 1914 801 1971 Maroneo
844 1916 1179 1991 gaudentes
1225 1934 1364 1972 rure
1400 1913 1726 1973 Camenae.

262 1998 423 2055 Inde
464 1998 569 2054 ubi
616 1998 948 2058 succedens
998 2000 1174 2059 annis
1218 2000 1565 2058 labentibus
1613 2008 1782 2057 aetas

266 2082 586 2144 Crescenti
630 2085 935 2161 geminum
985 2085 1335 2162 properavit
1379 2085 1660 2143 claudere
1697 2085 1974 2153 lustrum,

263 2167 416 2228 Non
458 2169 571 2227 tibi
616 2177 890 2228 cessatas
935 2171 1201 2228 traduxit
1240 2171 1459 2228 inertia
1499 2171 1688 2246 luces.

267 2252 393 2314 Sed
440 2272 594 2329 quae
639 2255 800 2312 trina
841 2263 980 2313 tuas
1026 2257 1280 2315 motavit
1320 2255 1533 2315 Gratia
1577 2273 1787 2326 cunaS,

264 2341 350 2398 Et
390 2339 499 2397 tibi
546 2339 816 2398 culturae
860 2342 1095 2416 primos
1142 2341 1374 2399 afflavit
1417 2342 1662 2413 odores,

266 2424 444 2483 Haec
491 2431 553 2481 te
597 2425 1050 2483 informandum
1097 2425 1315 2484 studiis
1360 2426 1611 2496 curavit,
1656 2431 1716 2481 et
1758 2425 1896 2498 ipsa

271 2509 604 2581 Tradente,
652 2510 963 2586 excipiunt
999 2512 1276 2588 insignes
1320 2520 1448 2567 arte
1492 2509 1786 2586 magistri,

271 2594 448 2669 Quos
491 2602 597 2651 tua
641 2613 813 2655 mens
855 2595 1093 2670 docilis,
1143 2613 1398 2669 ceraque
1450 2594 1771 2669 sequacior
1813 2594 1977 2652 omni

267 2680 696 2751 Praevertens,
735 2698 933 2739 annos
974 2681 1159 2758 longe
1204 2689 1351 2757 post
1398 2689 1570 2757 terga
1613 2678 1874 2755 reliquit.

271 2763 489 2840 Qualis
528 2772 866 2840 naturaque
904 2766 1047 2839 soli,
1095 2766 1372 2841 coelique
1418 2766 1651 2836 favore,

267 2849 531 2909 Enitens
574 2849 699 2907 alte
747 2851 932 2908 ramis
975 2871 1045 2909 se
1095 2851 1339 2910 subiicit
1381 2853 1599 2909 arbos:

271 2934 444 2992 Talis
489 2934 702 2992 adulta
738 2937 850 2993 tibi
890 2937 1086 2994 maior
1124 2937 1413 3014 surgebat
1455 2937 1517 2993 in
1557 2937 1742 2994 horas

268 3019 385 3078 Vis
428 3020 640 3093 animi,
686 3038 970 3079 crescens
1016 3022 1271 3080 occultis
1320 3020 1598 3079 auctibus
1644 3020 1798 3078 aevi.

267 3103 409 3163 Nec
455 3123 653 3178 mora,
696 3106 988 3164 fecundas
1030 3107 1343 3182 depromis
1384 3114 1634 3183 pectore
1671 3105 1869 3173 dotes,

267 3190 566 3248 Exactum
606 3192 773 3248 tenui
812 3191 1118 3268 ‘deducens
1163 3192 1404 3267 pumice
1432 3205 1696 3261 carmen,

269 3273 455 3347 Quod
497 3294 625 3333 non
672 3275 997 3352 so[l]licito
1041 3277 1347 3334 cruciabat
1384 3276 1531 3333 lima
1565 3275 1799 3345 labore,

272 3357 401 3419 Sed
445 3361 608 3433 quod
647 3371 870 3437 sponte
920 3380 1033 3420 sua
1074 3361 1362 3438 proprios
1402 3361 1685 3419 veniebat
1733 3361 1813 3417 ad
1858 3366 2045 3429 artus,

266 3445 460 3503 Forte
503 3464 678 3521 epos,
724 3454 785 3504 et
821 3447 1041 3505 molles
1083 3447 1335 3523 ElegoS,
1382 3464 1788 3520 numerosque
1824 3444 2068 3514 Catulli,

267 3531 357 3588 Et
395 3529 614 3590 Parios
659 3541 865 3608 natum
910 3532 1181 3591 sermoni
1217 3549 1460 3589 carmen
1505 3532 1751 3590 lambos
