2452 4186
1414 291 1531 351 196

507 473 516 483 ·
565 458 822 535 14,179.
850 458 1006 538 εἰπὲ,
1025 457 1177 542 κόρη
1201 462 1495 541 γοργῶπι,
1507 459 1691 538 κυνῆν
1716 454 2039 541 φορέουσα
2056 456 2159 518 καὶ
2178 453 2356 541 ἔγχος,

644 547 776 611 πῶς
821 543 893 605 οὐ
945 543 1265 627 βαστάζεις
1306 543 1541 624 αἰγίδας
1589 538 1833 625 Καῖσαρ
1885 537 2039 625 ἔχει.

566 714 818 788 14,170.
862 708 970 795 ἥδ’
1000 710 1167 796 αὐτῷ
1191 712 1422 795 κλήρου
1459 709 1600 794 ἄτερ
1631 706 1803 792 ἦλθ’,
1831 680 2353 793 ᾦῬῆνοςάληθὲς

647 795 860 879 οὔνομ’
907 795 1031 858 ἔδω
1079 796 1339 864 δεκάκις.
1387 800 1574 879 κῶρε,
1618 816 1723 875 μοι
1771 791 2065 877 οἰνοχόει.

565 968 732 1041 13,4.
774 962 884 1048 ὄψ’
931 963 1030 1026 ἵνα
1068 962 1380 1048 κοιρανέοι
1425 961 1802 1044 Γερμανικὸς
1841 961 1903 1023 ἐν
1948 958 2096 1028 Διὸς
2140 959 2313 1043 αὐλῇ,

648 1048 870 1133 δηθάκι
913 1047 968 1111 δ’
1008 1048 1069 1110 ἐν
1108 1049 1277 1131 γαίη,
1321 1052 1411 1132 τῷ
1449 1046 1548 1109 Διῒ
1592 1047 1697 1114 δὸς
1739 1046 2010 1129 λίβανον.

568 1221 735 1295 12,6.
781 1214 1063 1302 Νερουᾶν
1109 1217 1454 1300 πρηὸτατον
1542 1215 1814 1298 ασιλήων
1861 1214 2127 1284 Αὐσονὶς
2168 1213 2313 1296 αὐλὴ

648 1301 874 1372 δέξατ’.
917 1301 1288 1387 ἐπαΰροιμεν
1334 1304 1437 1362 νῦν
1471 1297 1487 1318 ‘
1551 1302 1809 1368 λικῶνος
1847 1300 2019 1363 ὅλου.

559 1387 686 1473 ἤθη
733 1386 1035 1462 ἄπλαστα,
1083 1385 1373 1471 φρόνημα
1416 1384 1737 1468 προσηνὲς,
1783 1383 2175 1468 ἀπρόσκοπος
2217 1382 2358 1468 ἀρχὴ
2427 1382 2428 1389 '

651 1469 827 1539 αὖθις
864 1470 1085 1533 ἵκοντο.
1131 1469 1328 1555 φόβος
1371 1473 1488 1536 πᾶς
1537 1469 1773 1552 φυγάδε
1815 1492 1854 1530 τ
1896 1468 2127 1532 έπεται.

563 1556 743 1623 ἔθνος
787 1555 970 1631 ἅπαν,
1005 1551 1252 1638 Ῥώμη,
1296 1554 1431 1616 τεὸν
1477 1552 1745 1637 εὔχεται,
1792 1555 1855 1615 αἰ
1893 1575 1921 1614 ν
1970 1553 2227 1622 ἄνακτος

648 1639 927 1703 τοιούτου
981 1640 1050 1702 σὲ
1094 1641 1322 1723 τυχεῖν,
1362 1641 1470 1700 τοῦ
1520 1638 1590 1700 δὲ
1632 1638 2071 1721 πολυχρονίου.

564 1725 791 1810 ὄλβιος,
832 1722 908 1806 ἧς
945 1728 1074 1785 παῧ
1117 1746 1174 1785 οι
1219 1722 1431 1807 τύχον,
1477 1722 1654 1801 ἕξιος,
1700 1721 1909 1807 ὄλβιος
1958 1722 2154 1806 ἠθῶν,

649 1809 754 1872 οἷα
794 1804 1010 1890 Νομᾶς
1098 1831 1127 1868 ν
1171 1805 1335 1892 ἔχειν
1373 1806 1625 1890 ἤθελεν,
1669 1806 1771 1868 οἷα
1813 1803 2057 1869 Κάτων.

563 1893 921 1979 δωρεῖσθαι,
959 1892 1250 1976 προέμεν,
1291 1891 1631 1962 πλουτίζειν
1679 1890 1873 1974 ἄνδρα
1922 1889 2176 1974 πένητα,

644 1978 748 2040 καὶ
793 1977 978 2058 δόμεν
1025 1976 1115 2038 οἷ’
1159 1976 1333 2039 αὐτοὶ
1380 1977 1461 2059 μὴ
1505 1975 1859 2060 χαρίσαιντο
1903 1975 2064 2052 θεοὶ,

561 2064 667 2125 νῦν
716 2059 810 2144 εἴη
855 2058 1124 2142 θεμιτόν.
1174 2060 1245 2123 σὺ
1292 2059 1354 2123 δ’
1399 2060 1496 2123 ἐπὶ
1537 2062 1808 2143 σκληροῦ
1859 2061 2173 2146 βασιλῆος,

648 2145 967 2231 ἀργαλέων
1013 2168 1080 2220 τε
1119 2144 1385 2231 χρόνων,
1427 2150 1606 2228 ζῆσαι
1654 2144 1968 2229 ἄμεμπτος
2011 2143 2202 2227 ἔτλης.

566 2318 738 2390 11,5.
779 2311 996 2375 τόσσον
1029 2313 1144 2389 σοὶ,
1165 2309 1704 2398 Καῖσαρ,θέμιδος
1734 2313 1921 2398 σέβας
1950 2313 2075 2376 ἐστὶ
2104 2313 2258 2395 δίκης
2276 2331 2344 2384 τε,

645 2399 855 2481 ἡλίκον
905 2395 1043 2481 ἔσχ>
1095 2400 1126 2461 ὁ
1172 2394 1405 2480 Νομᾶς.
1454 2398 1595 2460 ἀλλ’
1645 2399 1677 2461 ὃ
1722 2395 1938 2480 Νομᾶς
1973 2397 2204 2461 πένετο.

558 2482 725 2568 ἤθεα
769 2483 850 2565 μὴ
891 2482 1138 2566 πλούτῳ
1175 2481 1510 2566 προδόμεν,
1549 2481 1705 2565 μέγα
1739 2482 1977 2564 θαῦμα,
2018 2484 2121 2545 καὶ
2157 2482 2290 2545 εἶναι

647 2567 979 2631 τοσσατίων
1026 2564 1308 2650 Κροίσων
1355 2566 1650 2649 κρείττον’
1691 2566 1892 2642 ἐόντα,
1932 2565 2165 2650 Νομᾶν.

564 2654 619 2717 εἰ
663 2656 884 2736 φωτῶν
927 2651 1188 2712 νίσσοιτο
1230 2651 1574 2713 παλίσσυτα
1619 2654 1788 2734 φῦλα
1823 2653 2125 2727 παλαιῶν,

649 2735 809 2818 ἐξείη
856 2757 921 2797 τε
960 2739 1172 2797 κενοῦν
1218 2737 1335 2796 πᾶν
1384 2735 1571 2798 πέδον
1611 2734 1924 2814 Ἠλύσιον,

566 2821 810 2905 αἱρήσει
851 2842 920 2881 σε
963 2816 1282 2900 Κάμιλλος
1328 2818 1686 2926 ἐλευθερίης
1730 2821 1884 2903 ὑπὲρ
1933 2820 2134 2905 αὐτῆς.

566 2904 875 3071 ..ἔὲἒζῖἔ
908 2902 2081 3073 303332213035522235333505“2325w

646 3078 831 3157 κῦρος
877 3070 1044 3155 ἄφαρ
1090 3069 1333 3140 Σύλλας
1373 3077 1490 3136 πᾶν
1536 3075 2009 3156 ἀποειπάμενος.

566 3162 678 3222 σοῧ
723 3158 1009 3227 ἰδιάζοντι
1053 3155 1157 3217 σὺν
1200 3152 1470 3241 Καίσαρι
1513 3156 1765 3240 Μάγνος
1813 3156 1999 3243 ἐρῴη.

654 3242 748 3303 σοὶ
795 3242 930 3323 δοίη
975 3237 1268 3323 Κράσσος
1305 3245 1567 3306 πλοῦτον
1611 3243 1848 3307 ἅπαντα
1892 3242 2119 3326 προείς.

564 3326 624 3389 εἰ
669 3325 739 3387 δὲ
780 3327 882 3387 καὶ
925 3324 1285 3406 ἀγκαλέοιτο
1325 3327 1427 3388 καὶ
1462 3328 1524 3396 ἐξ
1568 3327 1783 3391 Ἀΐδαο
1829 3326 2026 3389 νέοιτο
2069 3365 2074 3372 ·

653 3405 799 3471 αὖθι
844 3406 1087 3485 Κάτων,
1133 3407 1303 3473 ἔσται
1347 3412 1449 3474 καὶ
1495 3412 1604 3474 ὅδε
1646 3409 2014 3495 Καισάρεος.
