2452 4186
1061 309 1181 371 143

207 475 525 545 Κώνωπος
571 475 803 559 ἐλέφας
844 473 1034 544 Ἰνδὸς
1079 477 1194 540 οὐκ
1220 476 1600 558 ἀλεγίζεται.

207 559 589 646 Κωφότερός
629 560 809 636 ἐστιν,
857 560 896 642 ἣ
940 557 1301 645 Τορωναῖος
1346 561 1547 644 λιμήν.

207 647 426 731 Λαβὼν
474 643 712 713 ἀπόδος
755 643 1045 728 ἄνθρωπε
1087 647 1190 709 καὶ
1225 647 1408 730 ,λήψῃ
1454 646 1659 708 πάλιν.
1727 689 1731 693 -
1775 648 1780 653 ’

207 733 387 812 Λαγὼ
436 730 572 815 βίον
621 733 732 812 ζῇς
769 730 812 792 ὁ
852 729 988 811 πρὶν
1033 729 1303 813 ἄτρομος
1346 728 1526 793 λέων.

210 816 430 880 Λαλεῖν
479 813 749 898 ἄριστος,
796 813 1265 883 ἀδυνατώτατος
1311 813 1532 896 λέγειν.

209 898 419 981 Λέγειν
469 898 581 982 μὲν
626 898 905 983 αἰσχρὸν,
949 901 1052 963 καὶ
1098 903 1411 982 σιωπῆσαι
1450 898 1627 983 βαρύ.

211 984 404 1067 Λεπτή
448 1005 539 1051 τις
572 982 747 1050 ἐλπὶς
792 980 917 1045 ἔστ’
969 984 1072 1067 ἐφ’
1119 984 1196 1067 ἧς
1238 982 1583 1068 ὀχούμεθα.

211 1068 440 1136 Λευκὸς
473 1065 851 1151 Ἀφροδίτης
895 1069 1019 1152 εἰμὶ
1057 1069 1173 1152 γὰρ
1216 1067 1592 1151 περιστερός.

212 1152 457 1216 Λευκῶν
503 1151 623 1234 γὰρ
669 1150 850 1215 οὐδὲν
895 1151 1145 1236 ὄφελος,
1187 1154 1243 1216 εἰ
1295 1154 1376 1236 μὴ
1426 1154 1839 1233 σκυτοτομεῖν.
1893 1182 1896 1185 ·

214 1236 646 1320 Λεωτρεφίδου
693 1235 1028 1321 λεπτότερα
1072 1239 1174 1301 καὶ
1220 1235 1664 1318 Θαυμαντίδος.

214 1320 355 1383 Λίαν
405 1322 606 1403 φιλῶν
650 1323 904 1385 σεαυτὸν
959 1322 1081 1407 οὐχ
1127 1322 1282 1390 ἕξεις
1321 1321 1517 1404 φίλον.

215 1405 396 1472 Λίθος
435 1403 877 1488 κυλινδόμενός
914 1429 985 1489 γε
1081 1411 1224 1474 ὕκος
1275 1405 1349 1468 οὐ
1397 1408 1583 1467 ποιεῖ.

216 1489 403 1572 Λιμὴν
447 1488 708 1573 ἀτυχίας
755 1488 912 1552 ἐστὶν
963 1429 1318 1574 ἀνῖρώποις
1358 1489 1567 1574 τέχνη.

218 1573 385 1657 Λιμῷ
424 1573 543 1657 γὰρ
587 1573 771 1637 οὐδὲν
815 1572 973 1637 ἔστιν
1020 1575 1322 1638 ἀντειπεῖν
1369 1572 1534 1642 ἔπος.

216 1655 428 1739 Λόγοις
473 1658 738 1743 ἀμείβου
785 1659 888 1722 τὸν
934 1657 1140 1741 λόγοις
1175 1659 1471 1722 πείθονταί
1515 1680 1602 1721 σε.

218 1740 405 1824 Λόγος
443 1744 560 1827 γάρ
606 1743 735 1806 ἐστι
773 1744 1098 1827 φάρμακον
1146 1744 1345 1827 λύπης
1388 1743 1595 1826 μόνον.

219 1824 446 1908 Λόγους
487 1827 570 1910 γὰ
642 1823 1045 1913 Ἑρμόδωρος
1091 1828 1522 1913 ἐμπορεύεται.

136 1956 145 1967 ,
221 1908 390 1994 Λόγῳ
429 1912 495 1994 μ’
579 1933 796 1979 πεισας
847 1915 1156 2018 φαρμάκῳ
1202 1915 1567 1998 σοφωτάτῳ.

210 1993 401 2081 ,Λυδοὶ
437 1997 721 2079 πονηροὶ,
770 1998 946 2060 δευτε
989 2021 1048 2061 οι
1091 1997 1144 2060 δ’
1193 1996 1536 2080 Αἰγύπτιοι,

298 2079 480 2163 τρίτοι
530 2082 602 2145 δὲ
651 2082 894 2148 πάντων
939 2021 1146 2167 stripe<
1191 2082 1615 2153 ἐξωλέστατοι.

223 2161 507 2247 Λυχνεῖον
557 2166 931 2250 ἐκζητοδμεν
988 2167 1256 2253 ἅψαντες
1298 2168 1545 2254 λύχνον.

224 2243 462 2329 Μαγάδι
501 2252 759 2333 λαλήσω
810 2254 1021 2335 μικρὸν
1063 2252 1194 2334 ἅμα
1239 2253 1337 2315 σοὶ
1374 2256 1477 2316 καὶ
1524 2251 1699 2336 μέγα.

225 2330 511 2397 Μαλέαὸε
552 2337 804 2420 κάμψας
851 2336 1151 2398 ἐπιλάθου
1196 2342 1318 2399 τῶν
1372 2336 1605 2404 οἴκαδε.

226 2414 442 2486 Μάντις
478 2420 540 2501 γ’
592 2418 858 2503 ἄριστος,
901 2420 1063 2489 ὅστις
1107 2422 1340 2491 εἰκάζει
1381 2424 1607 2489 καλῶς.

227 2497 681 2583 Μαρυανδυνῶν
729 2504 1004 2588 μέμνησο
1049 2505 1497 2589 θρηνητηρίων.

227 2582 464 2649 Μάταια
503 2588 559 2651 τ’
607 2588 770 2652 ἄλλα
811 2590 981 2672 παρὰ
1028 2587 1332 2674 Κρότωνα
1368 2589 1422 2651 τ’
1472 2589 1682 2653 ἄστεα.

228 2665 414 2733 Μέλει
445 2673 563 2757 γὰρ
607 2673 821 2756 ἧσσον,
861 2675 901 2757 ἢ
950 2676 1260 2759 χελώναις
1296 2681 1418 2737 τῶν
1471 2678 1683 2757 μυιῶν.

229 2748 392 2815 Μετὰ
436 2757 550 2842 γὰρ
596 2758 940 2821 νοσούντων
985 2762 1089 2823 καὶ
1133 2760 1200 2822 τὸ
1253 2760 1581 2843 μαίνεσθαι
1624 2755 1834 2821 καλόν.

229 2832 539 2921 Μετῆλθεν
583 2843 623 2925 ἡ
664 2842 899 2925 Ἀμαία
941 2849 1047 2926 τήν
1094 2843 1409 2927 Ἀζησίαν.

230 2915 326 3002 Μή
373 2947 474 3006 μοι
511 2927 649 2989 ποτ’
698 2925 910 3012 ἔλθῃς,
954 2928 1095 2991 ὅταν
1141 2930 1264 3011 ἐγὼ
1304 2931 1549 3012 πράττω
1584 2929 1809 2995 καλῶς.

231 3000 326 3087 Μὴ
370 3012 845 3096 μνησικακήσῃς,
892 3012 956 3075 εἰ
994 3012 1065 3075 σὺ
1115 3013 1330 3095 Φυλὴν
1377 3013 1735 3097 κατέλαβες.

230 3083 329 3171 Μὴ
369 3096 520 3176 πρὸς
562 3097 1054 3180 λέοντα.δορκὰς
1101 3097 1343 3180 ἅθομαι
1379 3100 1610 3183 μάχης.

232 3167 329 3255 Μὴ
373 3177 653 3243 σύντονον
700 3183 907 3259 δίωκε,
954 3182 1094 3266 μήτ’
1141 3122 1462 3266 ἀνειμένην

200 3275 208 3284 ·
311 3259 460 3325 ἰαστὶ
507 3269 765 3348 μοῦσαν,
810 3267 972 3329 ἀλλὰ
1015 3266 1123 3329 τὰν
1169 3266 1362 3349 μέσαν
1402 3267 1581 3329 νέων.

236 3335 332 3425 Μὴ
377 3346 437 3407 δ’
479 3348 555 3412 αὖ
601 3350 641 3412 ἀ
682 3352 891 3434 ροίκου
939 3351 1197 3435 ῥήτορος
1240 3349 1632 3435 καταφρόνει.
1672 3402 1687 3418 .

237 3418 334 3508 Μὴ
384 3438 584 3511 μεῖζον
670 3460 790 3499 στω
837 3441 946 3500 τοῦ
992 3439 1147 3504 νεὼς
1189 3438 1260 3498 τὸ
1305 3436 1574 3519 φορτίον.

239 3502 334 3594 Μὴ
375 3517 622 3602 τούμὸν,
668 3520 830 3584 ἀλλὰ
867 3521 972 3584 καὶ
1019 3522 1087 3584 τὸ
1135 3522 1240 3584 σὸν
1287 3522 1481 3605 φῦλον
1531 3518 1764 3584 σκόπει.

1840 3437 2037 3518 [τῆςῖ]
