2452 4186
1275 290 1394 351 152

415 455 573 523 Βίου
617 453 975 518 παλαισταί.
1006 454 1209 525 Λυδὸς
1253 454 1317 517 ἐν
1365 452 1734 538 μεσημβρίᾳ.

415 539 560 625 Βομ
602 539 776 609 υλίας
820 537 1167 623 ἄνθρωπος.
1212 537 1465 624 Ἀργεία
1507 538 1692 622 φορά.

415 623 549 710 Βορ
594 623 971 710 οροτάραξις.
1004 620 1220 710 ἜΕεχ’
1264 625 1317 687 ὦ
1363 622 1494 709 φίλ’
1544 622 1702 705 ἥλιε.

416 707 731 775 Βόσκουσι
775 709 1053 794 φυγάδας
1094 709 1356 778 ἐλπίδες.
1402 705 1600 794 Νιόβη
1646 707 1839 790 πάθη.

415 791 660 862 Βουνᾶς
709 793 957 865 δικάζει.
1004 790 1109 876 Μὴ
1156 793 1380 875 λόγους
1423 790 1561 856 ἄντ’
1605 791 1903 875 ἀλφίτων.

415 875 586 947 Βοῦς
628 877 914 963 ἕβδομος.
962 876 1155 940 Λάλει
1196 879 1289 954 δὲ,
1328 880 1432 942 καὶ
1476 878 1560 962 μὴ
1603 875 1872 958 θίγγανε.

414 959 590 1032 Βοῦς
636 963 722 1030 εἰς
764 960 1019 1046 ἄμητον.
1067 961 1381 1047 Ψηλαφᾷν
1429 962 1494 1025 ἐν
1542 964 1632 1046 τῷ
1675 959 1894 1045 σκότῳ.

415 1044 588 1128 Γαλῆ
627 1045 959 1130 κροκωτόν.
992 1046 1304 1131 Ἀφθονοι
1345 1045 1619 1111 Μουσῶν
1666 1043 1870 1128 θύραι.

416 1128 701 1200 Γάλλους
741 1131 802 1193 τί
837 1130 1113 1215 τέμνεις;
1157 1128 1495 1216 Κανθάρου
1541 1132 1918 1215 σοφώτερος.

416 1212 645 1278 Γείτων
691 1212 1019 1285 Μυκόνιος.
1065 1214 1172 1299 Μὴ
1215 1218 1370 1301 πρὸς
1412 1217 1526 1302 ἐμὲ
1566 1214 1642 1279 τὰ
1688 1215 1956 1278 ποικίλα.

415 1297 632 1369 Γέλως
674 1297 1039 1383 Μεγαρικός.
1096 1296 1189 1365 Οὔ
1234 1299 1377 1364 ποτ’
1420 1300 1589 1387 ἴσχεν
1631 1300 1669 1382 ἡ
1714 1298 1898 1385 θύρα.

415 1382 678 1470 Γέραιρε
729 1383 972 1448 σαυτόν.
1027 1382 1248 1470 Τυρίον
1297 1385 1732 1471 Ξενοκράτους.

296 1524 301 1529 .
415 1466 737 1553 Γερόντιον
782 1474 1086 1534 στυπεῖον.
1137 1467 1470 1540 Οἰδίποδος
1510 1472 1651 1555 αρά.

414 1551 658 1617 Γλαῦκ’
710 1556 797 1623 εἰς
842 1554 1129 1639 Ἀθήνας.
1155 1551 1262 1624 Ἐξ
1308 1555 1444 1623 ἑνὸς
1484 1554 1558 1618 τὰ
1598 1550 1787 1618 πάνθ’
1834 1555 2001 1638 ὁρᾷς.

416 1635 617 1701 Γλυκὺ
669 1638 812 1722 μέλι
848 1640 952 1703 καὶ
988 1639 1141 1708 πνίΕ.
1181 1637 1349 1702 Ἀντὶ
1387 1639 1466 1702 πέ
1505 1662 1617 1722 κης
1655 1638 1964 1721 σκορπίον.

415 1719 715 1806 Γραμμὴν
763 1722 870 1785 ἐπ’
922 1722 1112 1808 ἄκραν
1167 1724 1414 1807 ”κομεν.
1462 1661 1675 1792 stam<
1715 1722 1941 1787 πίθων.

415 1803 803 1891 Γυμνότερος
850 1807 1101 1891 ὑπέρου.
1146 1747 1317 1877 Βοῦς
1358 1809 1422 1871 ἐν
1471 1807 1669 1893 αὐλίῳ
1699 1806 1901 1891 κάθῃ.

415 1888 713 1959 Γυναικὸς
754 1891 1033 1976 ὄλεθρος.
1080 1892 1128 1956 Γ
1133 1892 1468 1977 υμνότερος
1504 1891 1815 1977 Ἰαλέμου.

415 1974 747 2060 Δεινότερα
783 1978 1013 2063 πάσχει
1061 1976 1400 2062 Σαμβίκουι
1444 1976 1695 2062 Πλήρης
1737 1976 1937 2045 πίθος.

415 2059 629 2124 Δεῖται
676 2061 951 2126 σελίνων.
996 2059 1232 2146 Μικρὸν
1278 2062 1508 2168 ὀβόλου
1552 2062 1769 2147 τίμιον.
1970 2064 1980 2076 ’

415 2146 720 2228 Δελφῖνος
763 2147 827 2208 ἐν
871 2146 1083 2231 χέρσῳ
1129 2148 1252 2231 βία.
1296 2148 1771 2232 ὶφενδάμνινος.

415 2230 594 2314 Δερῶ
646 2230 714 2292 σὲ
758 2230 1032 2294 θύλακον
1078 2234 1331 2314 κλοπῆς.
1387 2229 1497 2302 Εἰς
1540 2233 1772 2318 ὀλβίαν.

416 2314 524 2384 Δὶς
564 2316 783 2383 παῖδες
827 2317 888 2378 οἱ
928 2314 1229 2400 γέροντες.
1267 2317 1457 2402 Ὑπὲρ
1500 2316 1643 2381 ὄνου
1691 2318 1883 2383 σκιᾶς.

414 2399 465 2462 Δ
508 2403 711 2484 αχμῆς
755 2401 1021 2484 χάλαζα.
1064 2398 1290 2478 Κανθά
1329 2424 1401 2465 ου
1452 2404 1842 2486 μελάντερος.

480 2506 679 2567 γνωκε
726 2484 801 2567 δὴ
846 2486 966 2570 θῆρ
1009 2486 1196 2570 θῆρα.
1244 2426 1471 2550 Ῐίεττὸν
1519 2486 1835 2550 ἀνατίθου.

412 2565 522 2638 Εἰς
566 2568 776 2652 αὔριον
825 2571 1152 2634 σπουδαῖα.
1200 2567 1605 2640 Βαθυκλέους
1646 2570 1834 2640 κύλιξ.

411 2649 521 2721 Εἰς
558 2651 666 2723 οῦς
704 2653 922 2736 λέγειν.
978 2652 1269 2739 Ζήνωνος
1311 2655 1800 2742 ἐγκρατέστερος.

412 2733 521 2806 Εἰς
560 2738 667 2821 τὴν
716 2740 975 2822 σελήνην
1025 2739 1419 2804 Ἀκεσιλάου.
1462 2740 1588 2811 ΛὰΕ
1626 2743 1858 2805 πατεῖν.

409 2817 520 2885 Ἐκ
561 2820 866 2906 γεύματος
906 2825 1113 2907 γνοίης
1158 2823 1251 2886 ἄν.
1290 2822 1648 2910 Ἀθῦρωτον
1697 2823 1914 2908 στόμα.

409 2902 521 2969 Ἐκ
563 2910 671 2989 τῆς
714 2906 1024 2992 φαρέτρης
1064 2907 1293 2992 ἡμέρα.
1331 2906 1425 2972 Τὰ
1466 2907 1813 2974 Καννάκου.

407 2987 519 3054 Ἐκ
562 2995 683 3054 τῶν
727 2989 834 3056 ὀνό
887 3016 972 3055 ων
1014 2992 1255 3055 λέοντα.
1297 2990 1638 3078 Κουρήτων
1689 2993 1906 3077 στόμα.

408 3070 789 3160 Ἔλέφαντος
828 3099 860 3139 ο
910 3076 1392 3163 δὲνδιαφέρεις.
1444 3077 1703 3143 Δοόλων
1747 3077 1945 3148 πόλις.

394 3154 645 3223 ’Έλκειν
696 3160 1064 3245 σκαπέρδαν.
1106 3158 1215 3226 Ἐκ
1267 3186 1300 3225 τ
1342 3164 1473 3248 ιχὸς
1513 3162 1899 3248 κρεμάμεθα.

404 3238 515 3305 Ἔν
562 3240 726 3329 Καρὶ
772 3248 873 3310 τὸν
918 3245 1216 3310 κίνδυνον.
1259 3186 1564 3331 ’ὅρνίθων
1610 3249 1793 3331 γάλα.

403 3323 510 3390 Ἐν
555 3328 700 3413 πυρὶ
735 3328 1020 3414 βέβηκας.
1065 3329 1532 3416 Μορμολόττειν
1582 3333 1795 3417 ἀσκίῳ.

407 3408 586 3475 Ἔνθ’
631 3413 692 3474 οἱ
733 3413 922 3483 πόδες
966 3414 1257 3500 φέρωσιν.
1302 3413 1409 3484 Εἰς
1445 3415 1613 3502 ὕδωρ
1657 3418 1935 3502 γράφειν.

399 3492 565 3567 ἜΕω
610 3495 834 3582 βέλους
877 3501 1139 3584 κάθησο.
1182 3497 1502 3565 Ταντάλου
1543 3502 1737 3570 λίθος.
