2452 4186
1235 291 1357 352 140

385 458 464 525 Εἰ
509 459 590 542 μὴ
640 457 850 520 δύναιο
884 458 1065 542 βοῦν,
1111 454 1331 520 naus
1375 454 1547 537 ὅμως
1584 449 1746 515 ὄνον.

387 543 466 609 Εἰ
510 543 591 627 μὴ
641 542 929 625 φυλάξεις
971 540 1045 603 τὰ
1092 540 1253 625 μίκρ’
1300 541 1555 606 ἀπολεῖς
1593 535 1667 598 τὰ
1721 535 1999 618 μείζονα.

388 627 466 693 Εἰ
507 626 686 709 τυρὸν
734 624 930 710 εἶχον,
980 625 1094 688 οὐκ
1138 623 1208 688 ἂν
1253 624 1408 708 ὄψον
1455 619 1826 703 ἐπεπόθουν.

387 710 672 796 Εἴδῳλον
723 708 918 795 ἔργων
963 709 1121 772 ἐστὶν
1167 708 1502 792 ἀνθρώπου
1547 703 1748 786 λόγος.

389 795 647 878 Εἴληφα
696 793 1082 878 τυρόκνηστιν
1131 793 1476 859 ἀπωλεκὼς
1517 789 1717 852 πόλιν.

391 879 500 948 Εἰς
545 877 959 946 ἀσθενοῦντας
1002 878 1283 941 ἀσθενῶν
1332 875 1631 960 ἐλήλυθα.

390 963 500 1032 Εἰς
546 963 788 1025 δεῖπνον
836 961 1032 1045 ἄνδρα
1074 963 1176 1024 τὸν
1228 958 1578 1046 Κυρηναῖον
1617 960 1846 1025 καλεῖς.

392 1047 503 1116 Εἰς
546 1046 736 1129 ὅλμον
784 1047 952 1129 ὕδωρ
997 1046 1218 1131 ἐγχέας
1259 1047 1541 1130 πλήττεις
1579 1040 1765 1127 ἔχων.

393 1131 504 1199 Εἰς
545 1130 652 1199 τὰς
697 1132 1007 1215 μαχαίρας
1048 1129 1436 1215 ἠκονημένας
1476 1130 1705 1192 πεσών.

394 1215 504 1284 Εἰς
542 1215 649 1284 τὰς
694 1216 971 1299 μελίττας
1016 1215 1230 1298 ἀγρίας
1272 1214 1620 1297 ἐκώμασας.

394 1299 505 1369 Εἰς
545 1297 653 1367 τὰς
693 1300 932 1383 ὁμοίας,
976 1301 1138 1383 φίλε,
1186 1299 1383 1383 λαβὰς
1430 1296 1756 1382 ἐλήλυθας.

385 1383 500 1449 Ἐκ
545 1385 772 1452 παντὸς
804 1380 1043 1469 Ἑρμῆς
1081 1384 1153 1446 οὐ
1199 1383 1488 1467 γενηθείη
1536 1381 1740 1452 ξύλου.

393 1467 505 1532 Ἐκ
548 1472 657 1531 τοῦ
709 1468 854 1554 βοὸς
898 1470 997 1531 δεῖ
1033 1469 1177 1537 τοὺς
1221 1470 1474 1551 ἱμάντας
1520 1465 1877 1551 λαμβάνειν.

393 1551 506 1617 Ἐκ
550 1556 660 1615 τοῦ
707 1554 869 1637 όρᾷν
899 1552 1013 1636 γὰρ
1060 1552 1241 1635 γίνετ’
1293 1552 1643 1635 ἀνθρώποις
1686 1549 1852 1633 ἐρᾷν.

383 1635 692 1705 (Έκαστος
725 1639 904 1719 ἡμῶν
951 1637 1024 1699 οὐ
1068 1636 1316 1720 γέγονεν
1364 1638 1534 1720 αύτῷ
1575 1634 1781 1717 μόνον.

390 1720 569 1786 Ἐκεῖ
612 1719 932 1804 βλέπουσα
980 1719 1151 1805 δεῦρ’
1203 1722 1359 1784 ἀνίει
1400 1721 1455 1783 τ’
1506 1718 1730 1801 ἀγαθὰ.

383 1803 603 1888 τἘκητι
647 1803 1048 1875 Συλοσῶντος
1090 1805 1468 1890 εὐρυχωρία.

389 1888 629 1973 ’Έκυψε
679 1894 821 1971 σιγ”
856 1894 1123 1973 πρῶτον,
1174 1892 1374 1974 ὥςπερ
1423 1886 1730 1972 Τήλεφος.

397 1972 746 2057 Ἐλευθέρα
852 1973 1101 2058 όρκυρα.
1153 1974 1289 2059 χέζ’
1345 1975 1501 2038 ὅπου
1540 1972 1761 2040 θέλεις.

393 2058 577 2142 Ἐμοὶ
622 2058 691 2121 δὲ
735 2061 897 2143 λῷον
946 2059 1099 2143 αἷμα
1143 2059 1425 2144 ταύρειον
1472 2062 1653 2120 πιεῖν.

394 2143 579 2226 Ἐμοὶ
624 2145 880 2226 μελήσει
916 2148 1107 2207 ταῦτα
1147 2146 1250 2207 καὶ
1290 2147 1538 2211 λευκαῖς
1579 2141 1809 2225 κόραις.
1895 2165 1902 2178 ·

397 2228 598 2310 Ἐμοῦ
645 2227 942 2295 θανόντος
976 2234 1125 2310 γαῖα
1168 2229 1450 2313 μιχθήτω
1496 2226 1661 2310 πυρί.

394 2311 699 2418 Ἔμπορε,
740 2313 1186 2377 κατάπλευσον.
1224 2314 1462 2383 ἐξελοῦ.
1506 2313 1903 2394 πεπράσεται.

402 2397 508 2463 Ἐν
551 2395 688 2480 ἀερι
730 2420 796 2460 τε
836 2398 938 2460 καὶ
975 2397 1188 2482 δρόσῳ
1237 2399 1611 2479 σιτούμενος.

403 2480 508 2548 Ἐν
554 2488 636 2566 γῇ
680 2480 978 2546 πένεσθαι
1025 2486 1282 2566 μᾶλλον,
1328 2484 1366 2566 ἢ
1413 2483 1799 2544 πλουτοῦντα
1843 2480 2040 2543 πλεῖν.

404 2566 509 2633 Ἐν
556 2566 720 2629 νυκτὶ
758 2566 950 2651 βουλὴ
999 2573 1127 2636 τοῖς
1178 2572 1427 2652 σοφοῖσι
1467 2567 1712 2647 γίνεται.

390 2650 508 2717 ιἙν
558 2653 657 2714 δεῖ
698 2651 756 2712 σ’
793 2650 1049 2714 ἑλέσθαι
1081 2658 1201 2715 τῶν
1243 2656 1424 2735 τριῶν
1475 2648 1899 2733 Θηραμένους.

406 2735 511 2802 Ἐν
558 2737 721 2799 νυκτὶ
765 2738 1066 2819 λαμπρὸς,
1108 2737 1170 2799 ἐν
1222 2738 1369 2821 φάει
1418 2733 1479 2799 δ’
1528 2733 1874 2817 ἀνωφελὴς.

406 2819 513 2886 Ἐν
560 2821 741 2883 παντὶ
787 2820 965 2904 μύθῳ
1005 2823 1107 2884 καὶ
1145 2823 1215 2884 τὸ
1254 2820 1569 2883 Δαιδάλου
1620 2818 1829 2901 μύσος.

406 2903 513 2971 Ἐν
557 2908 889 2988 πλησμονῇ
934 2905 1002 2967 δὲ
1040 2903 1294 2988 Κύπρις,
1341 2905 1404 2966 ἐν
1448 2908 1703 2967 πεινῶσι
1743 2900 1799 2964 δ’
1839 2899 1933 2964 οὔ.

408 2988 515 3055 Ἐν
560 2995 686 3058 τοῖς
727 2988 1025 3072 ἀμούσοις
1069 2991 1171 3053 καὶ
1206 2987 1492 3073 Κόρυδος
1532 2986 1883 3073 φθέγγεται.

409 3073 514 3139 Ἐν
560 3079 689 3143 τοῖς
731 3076 1004 3144 κολοιοῖς
1059 3076 1141 3158 μὴ
1193 3073 1464 3157 ἀρίστευ’
1507 3069 1705 3140 ἀετός.

410 3157 517 3223 Ἔν
563 3165 652 3244 τῷ
695 3158 869 3243 μέρει
913 3161 999 3228 τὶς
1036 3161 1139 3222 καὶ
1183 3161 1254 3221 τὸ
1300 3165 1421 3243 πῦρ
1459 3156 1879 3221 σκαλευσάτω.

411 3239 517 3306 Ἐν
566 3249 654 3328 τῷ
695 3245 861 3328 πίθῳ
894 3249 1001 3327 τῆν
1042 3244 1377 3328 κεραμικὴν
1424 3243 1813 3323 διδάσκομαι.

403 3324 668 3390 ’Ένεισιν
719 3329 781 3390 ἐν
833 3329 1090 3393 δειλοῖσι
1136 3326 1468 3434 κάνανδροι
1510 3324 1703 3407 λόγοι.

406 3407 650 3475 ’Ένεστι
687 3410 797 3496 κᾷν
840 3414 1109 3499 μύρμακι
1143 3436 1254 3497 κᾳν
1304 3411 1516 3496 σέρφῳ
1554 3410 1736 3495 χολά.

408 3493 591 3562 Ἔνθ’
642 3497 785 3562 οὔτε
829 3498 1062 3581 μίμνειν
1107 3498 1354 3581 ἄνεμος,
1399 3494 1537 3559 οὔτ’
1585 3495 1828 3557 ἐκπλεῖν
1870 3491 1965 3576 ἐᾷ.
