2452 4186
1078 331 1202 395 189

306 494 492 642 ρῆΕαν
543 492 643 559 ὅτ’
684 493 973 580 ἄστοργοι
1014 498 1081 560 τὸ
1128 494 1329 580 βραχὺ
1369 500 1537 579 νῆμα
1576 496 1740 560 θεαί.

202 602 305 659 κκα
365 580 427 642 τί
474 579 811 663 στωμυλίη,
855 579 1072 664 νεότης
1108 604 1201 657 τε,
1248 579 1308 642 τί
1352 580 1419 663 μ’
1470 580 1637 650 εἶδος
1681 579 1897 665 ὄνησε;

304 664 460 733 ξεῖνε
508 664 580 727 σὺ
625 663 676 727 δ’
721 665 1007 750 ἡμετέρῳ
1053 667 1292 748 δάκρυα
1332 666 1503 751 λεῖβε
1540 666 1741 750 τάφῳ.

228 748 422 816 οὕτως
465 749 552 816 εἰς
592 748 808 832 Λήθης
853 749 973 835 οὐχ
1020 751 1358 832 ὁπλότερος
1398 750 1522 813 κίοι
1567 750 1735 834 ὕδωρ

301 831 634 918 Νέστορος,
678 832 744 895 δν
793 836 946 917 μετά
997 857 1067 897 σε
1115 839 1315 907 ζῶντα
1362 836 1556 897 λιπεῖν
1599 833 1871 902 ποθέεις.

222 1002 442 1064 Gruter
455 1002 599 1078 950,
625 1004 720 1067 10.
761 999 1019 1065 Γελλίου
1051 1002 1141 1065 ὧδ
1161 1001 1174 1020 ’
1206 1003 1404 1088 ἐτάφη
1429 1002 1667 1090 Φοῖβός
1685 1024 1838 1066 ποτε
1860 1005 2051 1087 μοῖρα

300 1086 593 1155 παντοίας
635 1084 890 1170 στοργὰς
924 1084 1157 1194 ἔλλαχε
1205 1092 1376 1171 σῆμα
1422 1087 1586 1152 τόδε.
1746 1086 2048 1175 [μεγίστη.

218 1168 396 1232 πέντε
442 1169 617 1252 μόλις
654 1169 1031 1233 τολύπευσεν
1074 1173 1141 1240 ὂς
1183 1173 1539 1258 ἑβδομάδας
1581 1173 2002 1257 λυκαβάντων,

310 1254 455 1319 οὔτε
491 1277 688 1339 παρερ
740 1253 958 1339 όμενον
999 1262 1245 1340 πνεῦμα
1280 1262 1530 1342 κατεῖχε
1584 1259 1779 1341 φιλῶν

222 1336 498 1407 Γέλλιος.
540 1340 594 1401 εἰ
634 1340 674 1401 θ
715 1362 811 1422 μις
853 1339 927 1424 ἧν
973 1341 1291 1425 ἠλλάχθαι
1334 1343 1577 1424 νήματα
1621 1340 1900 1425 Μοιρῶν,

304 1423 571 1507 ἄσμενος
606 1421 676 1486 ἂν
718 1426 963 1487 κεῖσθαι
1005 1426 1155 1510 τῷδ’
1196 1424 1287 1488 ἔνι
1326 1429 1512 1509 τλῆσε
1557 1428 1756 1511 τάφῳ.

220 1594 442 1659 Gruter
459 1595 676 1668 654‚3.
721 1593 959 1675 ἡλικίην
1000 1593 1187 1676 τυτθὴ
1216 1593 1541 1664 Διονυσιὰς
1580 1595 1803 1658 ἐνθάδε
1828 1598 2046 1673 κεῖται,

305 1678 584 1760 ὑστατίην
631 1680 877 1747 λεπτοῖς
916 1679 1100 1741 ποσσὶ
1143 1683 1427 1760 ταμοῢσα
1473 1680 1697 1765 τρίβον.

217 1762 293 1846 ἧς
333 1761 457 1846 ἤδη
503 1764 570 1825 τὸ
617 1766 869 1846 στρῆνος
913 1761 974 1823 ἐν
1034 1763 1415 1847 ὀκταετηρίδι
1460 1766 1739 1850 βλαστεῖν

301 1846 551 1932 ἄρχετο,
592 1848 694 1909 καὶ
739 1848 1019 1909 πλάττειν
1070 1850 1320 1930 παίγνια
1362 1849 1576 1933 κομψὰ
1626 1854 1878 1935 τρυφῆς.

221 1933 273 1995 εἰ
314 1930 384 1994 δέ
423 1930 480 1994 κ’
527 1931 839 2014 ἐμηκύνθη
888 1931 1116 2037 μακρόν
1166 1955 1263 1995 σοι
1308 1932 1504 2016 τέρμα
1544 1934 1726 2018 βίοιο,

305 2015 421 2079 οὐκ
455 2014 912 2101 εὖμουσοτέρην
949 2040 1180 2102 κοσμος
1226 2016 1298 2080 ἂν
1348 2018 1479 2102 εἶχε
1513 2018 1723 2105 κόρην.

112 2215 121 2222 ·
217 2190 389 2263 5,34.
436 2187 553 2265 σοὶ,
582 2184 875 2269 Φρόντων
903 2185 1172 2270 γενέτης,
1199 2189 1296 2250 σοὶ
1318 2188 1678 2272 Φλακκίλλη
1711 2189 2045 2275 γενέτειρα,

298 2271 555 2334 παιδικὰ
594 2271 646 2331 τ’
676 2270 825 2353 ἅμα
860 2269 1047 2354 κόρην
1086 2274 1267 2355 τήνδε
1309 2276 1739 2356 συνιστάμεθα.

218 2355 355 2420 οὔτ’
402 2352 696 2460 Ἐρέβευς
738 2353 989 2438 τρέσσαι
1044 2356 1414 2419 σκοτόεσσαν
1451 2354 1744 2441 Ἐρώτιον
1788 2357 2044 2442 ὄρφνην,

303 2440 448 2504 οὔτε
492 2442 750 2521 πελωρα
793 2442 972 2506 κυνὸς
1015 2442 1307 2523 χάσματα
1351 2438 1732 2524 Ταρταρέου.

217 2527 280 2596 ἓξ
332 2527 441 2608 μὲν
487 2523 875 2608 χειμερινοὺς
915 2524 1178 2592 κύκλους
1223 2524 1486 2608 ἔπλησεν
1535 2524 1630 2604 ἂν,
1666 2527 1721 2588 εἰ
1769 2527 1852 2610 μὴ

306 2615 485 2693 ζῆσεν
533 2607 959 2693 ἐλασσοτέρως
1002 2609 1199 2693 ἤμασι
1239 2610 1598 2678 τοσσατίοις.

217 2695 495 2777 κουρίζοι
546 2692 610 2755 δ’
654 2693 717 2754 ἐν
761 2698 889 2762 τοῖς
932 2694 1052 2778 ἤδη
1099 2696 1378 2777 πάτριυσι
1419 2696 1726 2771 παλαιοῖς,

303 2779 546 2862 οὔνομά
583 2799 647 2839 τε
692 2780 974 2862 τραυλῶς
1018 2778 1247 2863 τούμὸν
1299 2780 1395 2842 ἀεὶ
1442 2778 1678 2842 λαλέοι.

218 2865 482 2947 λείψανα
535 2863 596 2924 δ’
640 2861 768 2925 οὔτ’
807 2862 995 2945 αὐτῆς
1028 2865 1258 2950 σκληρὴ
1289 2864 1453 2932 κόνις
1482 2862 1774 2949 ἀμπέχοι,
1817 2862 1955 2927 οὔθ’
1985 2864 2045 2927 οἱ

309 2949 490 3028 (οὐδὲ
536 2947 649 3030 γὰρ
694 2947 802 3032 ἥδ’
837 2946 924 3031 ἦν
965 2949 1088 3029 σοὶ)
1137 2955 1307 3032 γαῖα,
1358 2950 1579 3035 βαρεῖα
1614 2953 1817 3031 γενοῦ.

221 3122 393 3195 1,88.
422 3116 707 3202 ”Αλκιμε,
751 3117 929 3181 παῖδ’
962 3111 1028 3181 ὃν
1076 3116 1163 3180 ἔτι
1210 3124 1298 3204 τῷ
1336 3117 1602 3202 δεσπότῃ
1644 3116 2042 3202 ἁρπαχθέντα

301 3208 412 3286 γῆς
456 3204 805 3287 Λαβικανῆς
847 3202 1048 3287 βῶλος
1093 3203 1467 3286 ἐπημφίασε,

218 3289 404 3360 λάζευ
458 3286 530 3349 οὐ
583 3285 814 3373 Παρίης
855 3287 1076 3370 ὄγκους
1121 3287 1370 3368 λύγδοιο
1418 3291 1716 3370 νεκροῖσιν

303 3372 411 3440 οὓς
451 3371 640 3442 πόνος
679 3372 989 3456 ἠλέματος
1035 3372 1206 3440 τεῦξε
1255 3371 1705 3453 μινυνθαδίους,

217 3457 447 3526 πύξους
489 3457 560 3519 δὲ
600 3456 935 3540 κλαδαρὰς,
980 3457 1399 3544 φυλλάμπελά
1439 3478 1503 3517 τε
1550 3456 1849 3535 σκιόεντα,

304 3543 406 3605 καὶ
451 3544 755 3624 λειμῶνας
800 3542 972 3624 ἐμοῖς
1017 3542 1304 3627 δάκρυσιν
1354 3539 1758 3624 ἰκμαλέους..
1784 3584 1841 3602 ..

2449 2709 2450 2718 ⁴
2442 2107 2451 2620 ⁴·„a-uss-——d-u-k--Q2
2443 1994 2449 2075 μ-
2443 1618 2449 1913 ---ᾼᾼᾸᾼε-ᾼ-
2447 1562 2448 1569 ⁴
2447 1506 2448 1515 ⁴
