2452 4186
1102 292 1177 351 71

125 532 133 541 ι
223 460 468 532 Affecit‚
512 460 841 537 pigrosque
882 461 1124 518 induxit
1167 470 1415 538 pectore
1462 478 1704 533 sensus,

221 546 537 622 Inspirata
582 545 735 604 meis
777 546 996 604 afflans
1041 545 1270 604 oblivia
1310 547 1489 604 curis.

223 629 324 690 Sic
367 638 476 687 tua
517 649 709 702 more,
755 630 1050 703 Lodoice,
1096 632 1302 705 tuique
1344 630 1566 690 iniuria
1604 631 1714 687 fati

223 716 544 773 Musarum
587 715 792 773 dulces
838 716 1064 788 foetus,
1115 724 1177 773 et
1217 717 1485 774 carmina
1527 725 1735 774 nostro

224 800 468 860 Obterit
514 819 595 857 ex
632 801 850 857 animo.
894 800 1234 877 Postquam
1280 811 1384 859 tua
1420 802 1633 858 funera
1670 808 1933 858 moestus

221 886 490 943 Auribus
532 886 629 943 his
676 886 872 958 hausi,
914 886 999 943 nil
1040 906 1155 944 non
1213 887 1502 944 mutabile
1548 887 1737 956 sensi,

221 974 424 1045 Atque
462 971 623 1027 idem
669 970 814 1027 mibi
860 990 976 1042 me,
1021 973 1122 1044 qui
1165 980 1225 1030 te
1260 972 1430 1043 mihi,
1479 990 1657 1029 casus
1700 970 1940 1028 ademit.

221 1055 365 1112 Hoc
411 1055 612 1113 solum
661 1065 960 1130 superest,
1007 1056 1080 1112 de
1124 1065 1185 1113 te
1230 1059 1335 1114 vix
1381 1057 1581 1114 dicere
1621 1074 1833 1132 posse,

216 1140 306 1198 Et
343 1147 577 1197 tantum
622 1140 975 1199 meminisse
1018 1142 1126 1212 tui,
1174 1150 1279 1199 tua
1324 1143 1451 1199 fata
1494 1148 1809 1198 canentem

215 1224 424 1297 Flere,
467 1226 669 1283 minus
709 1233 893 1296 mut0,
940 1226 1050 1284 sed
1091 1246 1213 1283 non
1265 1226 1516 1284 meliore
1558 1225 1831 1283 canenda

215 1310 504 1368 Pectoris
547 1310 785 1367 affectu.
833 1308 1052 1384 Siquis
1079 1319 1281 1368 tamen
1316 1313 1466 1368 haec
1489 1311 1804 1385 quoque[,]
1840 1311 1891 1367 si
1918 1307 2053 1382 quis

216 1395 479 1471 Rumpit
520 1395 694 1451 frena
739 1394 950 1452 dolor:
990 1415 1106 1452 non
1149 1405 1230 1467 te,
1275 1397 1390 1454 flos
1435 1395 1590 1453 lecte
1626 1395 1891 1452 virorum

215 1480 546 1551 Indictum,
593 1488 696 1537 aut
734 1488 840 1536 tua
884 1480 1046 1537 facta
1086 1481 1302 1538 sinam.
1346 1481 1490 1538 Tibi
1529 1489 1777 1555 pectora
1803 1479 2054 1556 plang0,

215 1565 303 1622 Et
345 1574 451 1621 tua
491 1566 612 1620 iam
656 1565 888 1622 resides
941 1567 1173 1623 animos
1223 1567 1285 1623 in
1331 1567 1547 1622 funera
1590 1565 1782 1622 solvo.

215 1651 384 1708 Ecce
434 1649 536 1706 diu
576 1650 804 1708 sterilis
849 1650 1008 1707 male
1054 1652 1304 1708 conscia
1348 1651 1558 1727 lingua
1600 1650 1802 1708 silenti

222 1734 549 1808 Obsequio
598 1735 757 1792 tristi
798 1735 980 1806 vireS,
1026 1737 1705 1810 vocemque.ministrat

214 1820 295 1877 In
334 1818 535 1876 luctus
582 1819 844 1876 facunda
892 1838 1062 1891 suoS,
1111 1840 1224 1878 nec
1265 1841 1333 1879 se
1377 1821 1540 1897 capit
1576 1821 1763 1890 intus,

217 1905 424 1980 Quem
465 1904 558 1962 vis
608 1906 762 1961 dura
800 1904 946 1961 mali
990 1906 1190 1980 potuit
1240 1906 1524 1964 cohibere
1571 1905 1859 1963 dolorem.

308 1990 405 2048 Ah
446 1990 664 2063 quibus
704 1991 975 2046 incusem
1013 1991 1282 2065 probris,
1330 2010 1452 2064 qua
1492 2009 1643 2048 voce
1691 1989 2014 2061 lacessam,

217 2073 392 2148 Quae
437 2083 497 2132 te
543 2095 667 2133 non
714 2075 903 2132 verita
949 2087 1042 2133 est
1086 2084 1255 2135 tanto
1305 2077 1586 2134 fraudare
1627 2074 1904 2134 ministro

216 2158 544 2219 Gallorum
587 2161 833 2218 fortuna
878 2161 1065 2232 vices,
1107 2181 1257 2235 quas
1301 2181 1484 2237 saepe
1529 2170 1773 2218 ruentes

214 2244 442 2316 Fulsit,
490 2254 550 2302 et
591 2245 654 2302 in
697 2253 820 2302 tuto
854 2264 1090 2303 rursum
1139 2255 1242 2303 tua
1290 2247 1504 2304 dextra
1544 2246 1782 2316 locavit,

215 2330 383 2387 Dum
427 2331 611 2387 toties
656 2330 871 2402 vincis,
915 2332 1268 2405 patriaeque
1312 2331 1664 2407 impendere
1712 2330 1895 2387 vitam

216 2413 367 2473 Non
414 2414 679 2486 dubitas,
727 2434 881 2489 quae
922 2424 980 2472 te
1027 2435 1222 2492 nuper
1267 2417 1419 2473 duce
1465 2416 1654 2473 civica
1696 2414 1876 2489 fregit

219 2503 430 2572 Arma,
480 2519 633 2576 vago
673 2501 828 2558 fines
875 2520 994 2575 qua
1038 2501 1326 2559 Pictonas
1369 2520 1545 2557 amne
1589 2500 1886 2575 Vigenna,

223 2584 478 2659 Quaque
522 2584 674 2642 alios
716 2586 871 2644 fines
917 2586 1218 2644 Lemovix
1273 2585 1625 2660 Gardampa
1663 2584 1971 2660 pererrat?

219 2668 392 2728 Heus
437 2670 544 2727 ubi
586 2688 745 2726 nunc
787 2671 998 2743 virtus,
1040 2671 1386 2746 invictaque
1430 2671 1682 2727 dextera
1710 2668 1911 2726 bello?

222 2754 393 2814 Heus
437 2755 544 2811 ubi
580 2755 889 2829 perfectae
933 2756 1144 2814 sitiens
1175 2775 1365 2830 ,mens
1416 2755 1657 2816 laudis?
1697 2755 1800 2811 ubi
1838 2754 2057 2832 ingens

170 2859 175 2864 ·
224 2838 440 2897 Gloria
461 2838 899 2897 Castanidum?
924 2861 1144 2916 nempe
1173 2843 1346 2913 haec,
1373 2841 1524 2917 proh
1554 2853 1767 2898 sancta
1791 2840 2057 2898 Deorum

221 2922 511 2996 Numina,
556 2943 779 3000 nempe
818 2926 976 3002 nigri
1018 2927 1171 2983 haec
1215 2927 1308 2984 vis
1353 2925 1604 2985 abstulit
1647 2926 1847 2983 omnia
1887 2925 2012 2982 leti.

227 3009 279 3068 O
332 3017 476 3085 quot
511 3010 827 3068 funeribus
876 3011 986 3068 tibi
1025 3012 1206 3069 funus
1257 3012 1529 3069 constitit
1573 3014 1789 3068 unum!

223 3091 378 3165 Quot
419 3095 707 3152 lacrimas
755 3097 961 3167 orbae,
1007 3104 1295 3170 quantum
1337 3097 1468 3168 tibi,
1517 3094 1721 3154 Gallia
1762 3094 1872 3151 fati

222 3179 381 3238 Mors
396 3179 564 3236 dedit
574 3200 696 3237 una
712 3182 727 3237 1
750 3179 989 3238 Novum
1007 3200 1202 3256 neque
1223 3182 1407 3253 enim,
1423 3199 1616 3254 neque
1630 3199 1824 3255 nuper
1839 3179 2058 3236 oborta

223 3261 536 3322 Nobilium
591 3265 677 3321 de
712 3264 890 3339 plebe
933 3274 1133 3341 caput,
1180 3266 1291 3323 sed
1332 3266 1627 3342 sanguine
1671 3266 1746 3322 ab
1790 3264 1910 3322 alto

228 3346 578 3408 Demissum
625 3368 841 3425 genus,
883 3359 1063 3426 atque
1105 3351 1326 3407 beroae
1376 3350 1586 3426 stirpis
1627 3350 1933 3407 alumnum

222 3431 431 3507 Usque
471 3436 548 3491 ab
595 3435 750 3505 avie,
785 3444 859 3491 *et
903 3454 1149 3493 avorum
1191 3436 1413 3506 atavis,
1447 3436 1522 3492 ab
1572 3436 1807 3512 origine
1838 3434 2054 3510 prima.

228 3516 404 3589 Quod
439 3537 632 3595 genus
674 3529 1015 3592 externum,
1074 3539 1229 3595 quae
1273 3538 1423 3597 gens
1475 3528 1598 3577 tam
1646 3520 1821 3578 devia
1864 3518 2058 3577 nescit
