2452 4186
1127 315 1243 376 141

269 474 451 547 Ἑνὸς
489 474 787 562 χανόντος
832 477 932 561 δὴ,
975 478 1200 565 κέχηνε
1222 479 1523 582 ’χᾶτερος

273 562 691 646 Ἐξηπάτησεν
731 563 770 645 ἡ
812 562 1007 648 χάραξ
1055 566 1161 646 τὴν
1210 568 1507 649 αμπελον.

266 646 431 717 ἝΕω
482 647 696 731 βλέπει
730 647 806 710 τὰ
844 648 1049 711 πολλὰ
1096 649 1244 733 βοῦς
1287 648 1626 732 ἀλλότριος.

264 731 476 797 Ἔοικε
516 735 702 795 τοῖσιν
746 731 814 794 ἐκ
860 729 1070 796 Πύλου
1112 733 1512 801 Λακωνικοῖς.

271 814 412 882 Ἐπὶ
448 822 529 900 τῇ
580 818 857 901 μαχαίρᾳ
898 821 1128 900 μεῖζον,
1183 818 1224 901 ἢ
1273 815 1539 901 Πηλεὺς,
1583 818 1817 899 φρονεῖ.

270 899 711 985 Ἔπιφυλλίδες
748 901 924 966 ταῦτ’
971 900 1100 965 ἔστι
1140 903 1245 965 καὶ
1292 900 1729 984 στωμύλματα.

268 983 527 1068 ἘπτηΕ’
562 983 842 1069 ἀλέκτωρ
885 987 973 1056 ὥς
1014 1009 1120 1062 τις,
1169 987 1446 1054 ἐκκλίνας
1486 983 1726 1069 πτερόν.

267 1068 456 1153 Ἐρᾷν
500 1070 572 1132 δὲ
615 1074 900 1153 φανερῶς
939 1073 1191 1135 κάλλιον
1236 1076 1345 1134 τοῦ
1389 1070 1681 1153 λαθρίως.

269 1152 485 1237 Ἐρδοι
524 1177 611 1223 τις
653 1154 727 1237 ἣν
772 1155 1028 1224 ἕκαστος
1073 1157 1265 1238 εἰδείη
1308 1155 1548 1239 τέχνην.

272 1236 755 1323 Ἔρεσχελοῦσιν
802 1240 863 1301 αἱ
905 1245 1177 1325 κορῶναι
1222 1239 1423 1303 ἀετόν.

260 1318 571 1406 Ἕστηκας
619 1324 800 1386 εἰκὼν
850 1324 918 1388 ἐκ
963 1329 1207 1409 γραφῆς
1252 1324 1316 1386 ἓν
1363 1319 1554 1407 σχῆμ’
1608 1318 1793 1404 ἔχων.

262 1404 439 1470 Ἐστι
483 1406 548 1469 δ’
600 1408 829 1492 ἀνάγκη
875 1408 1072 1493 χρῆμ’
1121 1409 1367 1492 ἄμαχον
1409 1409 1511 1468 καὶ
1552 1410 1680 1472 τοῖς
1713 1404 1903 1472 θεοῖς.

199 1516 205 1522 ·
265 1488 439 1555 Ἐστι
484 1492 654 1575 δίκης
696 1493 1042 1576 ὀφθαλμὸς,
1089 1493 1253 1562 ὅστις
1290 1491 1484 1554 πάνθ’
1540 1486 1678 1572 όρᾷ.

264 1572 470 1639 Ἔστω
511 1577 581 1638 δὲ
619 1578 860 1658 ταμίας,
891 1577 1090 1641 τᾶλλα
1138 1579 1200 1640 δ’
1248 1578 1304 1640 εἰ
1345 1576 1579 1660 βούλει,
1619 1575 1804 1637 κύων.

275 1656 366 1722 Εὖ
415 1661 696 1743 κείμενον
745 1662 816 1724 δὲ
856 1663 924 1725 τὸ
965 1663 1157 1726 κακὸν
1197 1662 1271 1724 οὐ
1312 1658 1610 1743 κινητέον.

276 1741 367 1806 Εὖ
413 1744 602 1822 οἶδεν,
649 1745 845 1830 ἅσπερ
892 1744 1138 1831 ἔφυγεν,
1170 1744 1490 1830 Εὐκράτης
1533 1741 1736 1812 ὁδούς.

274 1825 877 1914 Εὐμεταβολώτερος
917 1832 1371 1915 χαμαιλέοντος
1416 1829 1491 1891 εἴ.

274 1909 488 1977 Εύνοι’
538 1913 791 1998 ἄκαιρος
834 1916 1014 1980 οὐδὲν
1062 1915 1181 2000 ἔχθ
1224 1938 1296 1984 ας
1341 1912 1642 1998 διαφέρει.

271 1994 426 2082 Ἐφ’
470 1998 655 2062 αὑτὸν
697 2000 923 2079 ἕλκων,
965 2002 1126 2065 ὥστε
1176 1938 1439 2066 stamina
1483 1996 1691 2080 νέφος.

271 2079 425 2168 Ἐφ’
468 2083 649 2147 αὑτὸν
699 2084 920 2162 ἕλκων,
964 2087 1122 2149 ὥστε
1167 2083 1477 2167 Μαγνῆτις
1520 2080 1711 2150 λίθος.

271 2164 566 2254 Ἐχθροῖς
608 2168 892 2234 ἀποστῶν
941 2170 1171 2254 μήποτ’
1215 2170 1287 2234 ἂν
1333 2168 1558 2236 πάθοις
1609 2166 1862 2252 βλάβην.

272 2250 480 2335 Ζῆλος
516 2256 801 2335 γυναικὸς
833 2256 1029 2318 πάντα
1072 2258 1382 2340 πυρπολεῖ
1420 2253 1632 2335 δόμον.

272 2334 490 2419 Ζητῶν
531 2338 646 2423 γὰρ
692 2337 846 2423 ὄψον
891 2340 1213 2421 θοιμάτιον
1260 2341 1578 2402 ἀπώλεσα.

273 2418 497 2504 Ζῶμεν
543 2423 681 2507 γὰρ,
730 2423 850 2507 οὐχ
882 2427 968 2492 ὡς
1011 2424 1304 2506 θέλομεν,
1368 2421 1503 2485 ἀλλ’
1548 2423 1633 2487 ὡς
1678 2420 2018 2503 δυνάμεθα.

272 2502 459 2574 Ζωὸς
491 2511 720 2591 γενήσῃ
770 2508 1093 2591 κρομμύου
1141 2507 1328 2590 μόνον
1372 2507 1601 2591 λαβών.

268 2587 350 2653 ‘H
395 2590 580 2673 ἄγνος
615 2593 815 2671 ἀνθεῖ,
856 2595 959 2654 καὶ
999 2592 1295 2676 δ’βότρυς
1332 2589 1709 2653 πεπαίνεται.

256 2671 346 2738 Ἢ
396 2676 497 2738 δεῖ
527 2678 811 2760 χελώνης
847 2676 999 2760 κρέα
1050 2681 1292 2761 φαγεῖν,
1337 2677 1377 2759 ἢ
1425 2674 1508 2756 μὴ
1557 2675 1794 2756 φαγεῖν.

265 2756 349 2822 ‘H
390 2761 623 2841 γλῶσσ’
671 2762 1112 2844 ἁμαρτάνουσα
1156 2762 1397 2845 τάληθῆ
1446 2758 1629 2842 λέγει.

255 2832 347 2907 Ἢ
394 2848 504 2928 ζῇν
546 2844 818 2922 ἀλύπως,
860 2846 901 2928 ἢ
949 2847 1159 2910 θανεῖν
1207 2844 1613 2928 εὐδαιμόνως.

265 2926 351 2993 ‘H
392 2929 598 2991 κοιλία
644 2930 712 2994 δὲ
759 2930 965 2993 πολλὰ
1001 2936 1205 3015 χωρεῖ
1243 2931 1492 3011 κώλίγα.

261 3011 348 3078 Ἥ
396 3014 505 3096 μὲν
546 3012 692 3083 θεὸς
739 3015 1039 3102 ὑπέβαλλ’
1086 3016 1248 3098 ἐμοὶ,
1284 3017 1534 3098 ἥρπασα
1578 3013 1636 3075 δ’
1684 3012 1826 3094 ἐγώ.

257 3095 348 3162 ’Ἡ
391 3096 572 3160 πέντε
620 3099 833 3173 πίνειν,
877 3100 918 3184 ἢ
961 3100 1102 3184 τρί’,
1142 3101 1180 3183 ἢ
1231 3100 1312 3183 μὴ
1354 3099 1631 3181 τέτταρα.

268 3180 351 3246 ‘H
395 3181 690 3286 πορφύρα
733 3184 903 3268 παρὰ
944 3184 1270 3268 πορφύραν
1318 3181 1649 3266 διακριτέα.

264 3264 443 3330 Ἤτοι
484 3266 798 3349 τέθνηκεν,
834 3269 873 3351 ἣ
927 3269 1202 3331 διδάσκει
1247 3269 1595 3352 γράμματα.

259 3348 350 3414 ’Ἡ
385 3351 506 3435 χρὴ
549 3353 866 3437 τραγῳδᾷν
910 3354 1160 3430 πάντας,
1207 3354 1248 3435 ἢ
1296 3354 1709 3436 μελαγχολᾷν.

267 3432 504 3502 Ἦθους
587 3438 856 3521 αρακτήρ
901 3438 1025 3502 ἐστι
1065 3437 1120 3499 τ’
1169 3437 1502 3521 ἀνθρώπου
1545 3434 1743 3518 λόγος.

264 3514 476 3583 “Ηκειν
528 3518 781 3605 ’χοντας
826 3522 965 3584 σιτί’
1007 3524 1264 3607 ἡμερῶν.
1302 3524 1503 3604 τριῶν.
