2452 4186
1230 269 1334 339 22'

361 445 486 507 Sed
526 447 766 506 veniam
807 449 1073 507 fortasse
1117 456 1325 506 meret.
1373 468 1489 507 non
1528 447 1740 504 ultima
1783 466 1925 533 pars
1974 455 2068 507 est

446 531 697 622 Laudis,
735 533 798 591 in
844 532 1221 592 Heinsiadae
1265 533 1491 609 scripta
1528 532 1719 591 fuisse
1764 532 1935 591 libro·

524 704 615 761 15.
663 682 670 689 ’
706 705 783 761 In
830 704 1228 762 Moncaudum
1260 703 1499 760 Poetam
1541 704 2041 780 Burdiyalensem.

1092 798 1235 848 Nihil
1268 799 1459 847 fictum.

294 926 295 929 ,
363 865 851 941 Summaenianis
893 866 1083 928 Urbis
1130 870 1194 926 in
1241 869 1603 946 sepulcretis

361 953 458 1010 Ad
493 953 894 1029 prosedarum
937 973 1063 1012 non
1105 954 1355 1012 trioboli
1394 955 1605 1026 lustra,

361 1038 564 1097 Media
611 1037 881 1098 Suburra
926 1039 1272 1098 bustuarias
1319 1040 1502 1097 aedes

362 1122 735 1183 Moncaudus
776 1123 1028 1195 habitat,
1074 1126 1208 1199 quis
1258 1124 1540 1200 sepulcra
1582 1121 1861 1198 vespillo,

365 1208 520 1282 Quis
569 1215 904 1284 anteponat
946 1208 1042 1265 vel
1084 1207 1420 1267 Gemonias
1473 1215 1684 1266 tortor.

364 1291 530 1352 Situs
592 1293 704 1351 sed
746 1292 887 1350 illas
933 1294 1435 1367 commodumque
1481 1292 1883 1352 commendat:

360 1377 715 1436 Patentiore
753 1397 894 1435 nam
945 1379 1222 1437 fruuntur
1262 1387 1535 1455 aspecta,

362 1462 498 1519 Nec
544 1463 672 1520 ulla
716 1482 932 1538 purum
977 1463 1181 1540 tegula
1218 1464 1448 1535 invidet
1494 1464 1748 1533 caelum,

362 1547 658 1621 Patetque
703 1556 922 1618 totum,
959 1549 1138 1622 quale
1180 1549 1453 1606 Termini
1503 1556 1743 1605 tectum.

363 1632 503 1689 Hoc
546 1632 786 1689 unicum
836 1639 932 1689 est
966 1631 1248 1693 lacunar:
1298 1634 1475 1691 unica
1517 1635 1667 1690 haec
1709 1632 1801 1690 illi

362 1716 662 1775 Fenestra
708 1716 872 1774 claro
919 1735 1095 1784 mane
1136 1717 1339 1775 lumen
1386 1718 1664 1776 admittit.

364 1801 536 1858 Haec
572 1822 682 1877 pro
726 1800 948 1860 camini
990 1803 1201 1878 pervio
1250 1804 1413 1876 tube,
1455 1804 1657 1880 nigros

365 1885 748 1944 Transmittit
793 1895 968 1944 extra
1013 1889 1359 1964 transfugas
1411 1889 1539 1945 heri
1582 1889 1802 1946 fumos,

364 1971 538 2028 Haec
578 1991 683 2046 pro
727 1972 983 2048 perenni
1025 1973 1215 2045 fonte,
1256 1974 1356 2047 qui
1403 1974 1616 2049 procul
1660 1973 1866 2044 distat,

366 2057 641 2114 Laxante
682 2064 869 2114 totum
910 2057 1177 2116 nimbido
1221 2059 1427 2116 Iovem
1474 2058 1662 2131 cae10‚

366 2142 647 2200 Demittit
688 2162 874 2202 urnae
918 2153 1137 2218 sponte
1185 2144 1418 2203 defluos
1463 2144 1720 2202 imbres:

367 2227 773 2285 Tuscanicum
817 2227 910 2283 illi
946 2229 1083 2300 hoc,
1124 2230 1240 2288 hoc
1274 2229 1620 2287 cavaedium
1656 2238 1750 2287 est
1777 2228 1886 2287 illi.

364 2312 474 2368 Nil
513 2312 783 2381 exeunti,
832 2312 918 2368 nil
964 2321 1022 2369 et
1070 2315 1275 2371 obstat
1312 2314 1588 2371 intranti:

364 2396 511 2455 Non
556 2397 870 2455 taediosae
914 2398 1137 2472 pensili
1176 2418 1351 2468 mora
1398 2398 1622 2469 scalae,

364 2482 510 2540 Non
559 2482 844 2541 cochleae
888 2490 980 2541 tot
1026 2484 1340 2541 circularis.
1386 2484 1712 2553 aufractuS,

364 2567 510 2626 Non
562 2568 849 2625 eminenti
889 2568 1193 2626 structiles
1242 2569 1463 2645 gradus
1519 2568 1716 2626 mole:

364 2653 479 2710 Est
520 2651 718 2710 facilis
762 2652 963 2710 aditus
1010 2653 1218 2725 limen,
1263 2660 1321 2710 et
1361 2654 1537 2730 pedis
1571 2653 1757 2730 plani.

362 2737 487 2811 Pro
527 2756 826 2794 marmore
871 2738 1035 2809 albo,
1084 2738 1626 2813 emblematumque
1671 2736 1961 2809 tesselli8‚

363 2821 581 2881 Dorsis
621 2821 844 2897 iniquis
889 2824 1066 2880 tuber
1104 2831 1198 2880 est
1247 2824 1679 2898 pavimentum,

366 2906 548 2981 Quod
593 2915 684 2965 ter
725 2908 1068 2982 quotannis,
1111 2915 1213 2964 aut
1249 2908 1367 2979 bis,
1405 2917 1509 2965 aut
1547 2907 1735 2967 semel
1784 2907 1998 2965 verrit:

362 2996 674 3052 Asaroton
715 2991 863 3049 illud
906 2993 1178 3050 nomines
1226 2992 1367 3049 licet
1413 3012 1579 3052 sane.

364 3078 536 3136 Intus
576 3076 860 3153 supellex
905 3078 1130 3153 excipit
1172 3078 1351 3135 domo
1395 3078 1597 3154 digna,

364 3162 529 3219 Hero
579 3162 859 3238 supellex
904 3162 1113 3238 digna:
1160 3162 1344 3219 debili
1390 3162 1630 3238 sponda

366 3247 584 3324 Tripes
632 3248 944 3324 grabatus,
988 3246 1300 3305 scandulis
1347 3248 1539 3304 tribus
1584 3251 1799 3316 tectuS,

365 3332 487 3406 Qui
534 3332 912 3391 claudicante
952 3331 1294 3391 semifultus
1341 3331 1403 3389 in
1450 3350 1717 3402 scamn0‚

363 3416 709 3490 Delumbis‚
755 3426 814 3475 et
847 3418 1117 3490 luxatus‚
1164 3418 1431 3493 integros
1473 3425 1658 3475 noctu

363 3502 534 3560 Hero
576 3502 959 3577 periculosus
1002 3503 1231 3560 invidet
1275 3520 1541 3560 somn08.
1620 3535 1632 3545 ·
