<?xml version="1.0" encoding="UTF-8"?>
<!DOCTYPE html PUBLIC "-//W3C//DTD XHTML 1.0 Transitional//EN"
    "http://www.w3.org/TR/xhtml1/DTD/xhtml1-transitional.dtd">
<html xmlns="http://www.w3.org/1999/xhtml" xml:lang="en" lang="en">
 <head>
  <title>
</title>
<meta http-equiv="Content-Type" content="text/html;charset=utf-8" />
  <meta name='ocr-system' content='tesseract 3.04.00' />
  <meta name='ocr-capabilities' content='ocr_page ocr_carea ocr_par ocr_line ocrx_word'/>
</head>
<body>
  <div class='ocr_page' id='page_1' title='image "./iosephiscaliger02scalgoog/iosephiscaliger02scalgoog_0366.png"; bbox 0 0 2452 4186; ppageno 0'>
   <div class='ocr_carea' id='block_1_1' title="bbox 1208 322 1332 383">
    <p class='ocr_par' dir='ltr' id='par_1_1' title="bbox 1208 322 1332 383">
     <span class='ocr_line' id='line_1_1' title="bbox 1208 322 1332 383; baseline -0.016 0"><span class='ocrx_word' id='word_1_1' title='bbox 1208 322 1332 383; x_wconf 74' lang='lat'>364</span> 
     </span>
    </p>
   </div>
   <div class='ocr_carea' id='block_1_2' title="bbox 1126 409 1430 420">
    <p class='ocr_par' dir='ltr' id='par_1_2' title="bbox 1126 409 1430 420">
     <span class='ocr_line' id='line_1_2' title="bbox 1126 409 1430 420; baseline 0 3766"><span class='ocrx_word' id='word_1_2' title='bbox 1126 409 1430 420; x_wconf 95' lang='lat' dir='ltr'> </span> 
     </span>
    </p>
   </div>
   <div class='ocr_carea' id='block_1_3' title="bbox 233 491 2197 3627">
    <p class='ocr_par' dir='ltr' id='par_1_3' title="bbox 233 491 2197 3627">
     <span class='ocr_line' id='line_1_3' title="bbox 234 491 1730 562; baseline 0.003 -17"><span class='ocrx_word' id='word_1_3' title='bbox 234 491 370 545; x_wconf 86' lang='grc'>1210</span> <span class='ocrx_word' id='word_1_4' title='bbox 388 492 695 549; x_wconf 89' lang='lat' dir='ltr'>Levamen</span> <span class='ocrx_word' id='word_1_5' title='bbox 742 510 899 562; x_wconf 85' lang='lat' dir='ltr'>acre,</span> <span class='ocrx_word' id='word_1_6' title='bbox 940 511 1075 549; x_wconf 89' lang='lat' dir='ltr'>cum</span> <span class='ocrx_word' id='word_1_7' title='bbox 1121 493 1412 551; x_wconf 87' lang='lat' dir='ltr'>tumultus</span> <span class='ocrx_word' id='word_1_8' title='bbox 1459 492 1730 550; x_wconf 87' lang='lat' dir='ltr'>hosticus</span> 
     </span>
     <span class='ocr_line' id='line_1_4' title="bbox 384 576 1539 635; baseline 0.001 -3"><span class='ocrx_word' id='word_1_9' title='bbox 384 576 666 634; x_wconf 87' lang='lat' dir='ltr'>Vastabit</span> <span class='ocrx_word' id='word_1_10' title='bbox 708 596 852 633; x_wconf 87' lang='lat' dir='ltr'>arva</span> <span class='ocrx_word' id='word_1_11' title='bbox 896 585 958 633; x_wconf 86' lang='lat' dir='ltr'>et</span> <span class='ocrx_word' id='word_1_12' title='bbox 998 576 1222 635; x_wconf 89' lang='lat' dir='ltr'>Teneri</span> <span class='ocrx_word' id='word_1_13' title='bbox 1266 576 1539 635; x_wconf 90' lang='lat' dir='ltr'>donaria.</span> 
     </span>
     <span class='ocr_line' id='line_1_5' title="bbox 389 659 1465 721; baseline -0.002 -1"><span class='ocrx_word' id='word_1_14' title='bbox 389 659 511 720; x_wconf 86' lang='lat' dir='ltr'>Sed</span> <span class='ocrx_word' id='word_1_15' title='bbox 556 668 617 718; x_wconf 89' lang='lat' dir='ltr'>et</span> <span class='ocrx_word' id='word_1_16' title='bbox 654 662 881 719; x_wconf 88' lang='lat' dir='ltr'>sufetes</span> <span class='ocrx_word' id='word_1_17' title='bbox 924 661 1182 720; x_wconf 89' lang='lat' dir='ltr'>victimis</span> <span class='ocrx_word' id='word_1_18' title='bbox 1229 663 1465 721; x_wconf 86' lang='lat' dir='ltr'>Ectenii</span> 
     </span>
     <span class='ocr_line' id='line_1_6' title="bbox 388 745 2197 824; baseline 0.002 -22"><span class='ocrx_word' id='word_1_19' title='bbox 388 745 586 803; x_wconf 89' lang='lat' dir='ltr'>Tuam</span> <span class='ocrx_word' id='word_1_20' title='bbox 633 746 920 803; x_wconf 87' lang='lat' dir='ltr'>favebunt</span> <span class='ocrx_word' id='word_1_21' title='bbox 959 754 1026 803; x_wconf 90' lang='lat' dir='ltr'>ut</span> <span class='ocrx_word' id='word_1_22' title='bbox 1066 749 1316 805; x_wconf 87' lang='lat' dir='ltr'>deorum</span> <span class='ocrx_word' id='word_1_23' title='bbox 1363 747 1670 805; x_wconf 79' lang='lat' dir='ltr'><strong>adoream.</strong></span> <span class='ocrx_word' id='word_1_24' title='bbox 1814 747 2197 824; x_wconf 69' lang='lat' dir='ltr'>[fovebunt2]</span> 
     </span>
     <span class='ocr_line' id='line_1_7' title="bbox 386 829 1842 908; baseline 0.001 -20"><span class='ocrx_word' id='word_1_25' title='bbox 386 830 467 888; x_wconf 86' lang='lat' dir='ltr'>Et</span> <span class='ocrx_word' id='word_1_26' title='bbox 507 829 809 889; x_wconf 88' lang='lat' dir='ltr'>Cnossum</span> <span class='ocrx_word' id='word_1_27' title='bbox 850 831 1040 888; x_wconf 90' lang='lat' dir='ltr'>adibit</span> <span class='ocrx_word' id='word_1_28' title='bbox 1084 840 1261 905; x_wconf 91' lang='lat' dir='ltr'>atque</span> <span class='ocrx_word' id='word_1_29' title='bbox 1301 831 1587 908; x_wconf 83' lang='lat' dir='ltr'>Gortynis</span> <span class='ocrx_word' id='word_1_30' title='bbox 1632 831 1842 889; x_wconf 89' lang='lat' dir='ltr'>domos</span> 
     </span>
     <span class='ocr_line' id='line_1_8' title="bbox 238 913 1540 989; baseline 0.002 -20"><span class='ocrx_word' id='word_1_31' title='bbox 238 913 370 969; x_wconf 91' lang='grc'>1215</span> <span class='ocrx_word' id='word_1_32' title='bbox 389 916 562 973; x_wconf 84' lang='lat' dir='ltr'>Meae</span> <span class='ocrx_word' id='word_1_33' title='bbox 606 916 818 972; x_wconf 87' lang='lat' dir='ltr'>ruinae</span> <span class='ocrx_word' id='word_1_34' title='bbox 861 915 1079 989; x_wconf 85' lang='lat' dir='ltr'>luctus,</span> <span class='ocrx_word' id='word_1_35' title='bbox 1132 926 1192 974; x_wconf 90' lang='lat' dir='ltr'>et</span> <span class='ocrx_word' id='word_1_36' title='bbox 1236 917 1540 975; x_wconf 89' lang='lat' dir='ltr'>caduciter</span> 
     </span>
     <span class='ocr_line' id='line_1_9' title="bbox 386 998 1873 1059; baseline 0.001 -3"><span class='ocrx_word' id='word_1_37' title='bbox 386 998 624 1057; x_wconf 92' lang='lat' dir='ltr'>Ducum</span> <span class='ocrx_word' id='word_1_38' title='bbox 669 999 958 1058; x_wconf 87' lang='lat' dir='ltr'>lababunt</span> <span class='ocrx_word' id='word_1_39' title='bbox 986 1008 1174 1059; x_wconf 75' lang='lat' dir='ltr'>tecta.</span> <span class='ocrx_word' id='word_1_40' title='bbox 1221 998 1337 1058; x_wconf 75' lang='lat' dir='ltr'>n&#39;on</span> <span class='ocrx_word' id='word_1_41' title='bbox 1379 1001 1538 1059; x_wconf 91' lang='lat' dir='ltr'>enim</span> <span class='ocrx_word' id='word_1_42' title='bbox 1577 1000 1873 1058; x_wconf 80' lang='lat' dir='ltr'>innocens</span> 
     </span>
     <span class='ocr_line' id='line_1_10' title="bbox 388 1084 1763 1161; baseline -0.001 -20"><span class='ocrx_word' id='word_1_43' title='bbox 388 1085 680 1142; x_wconf 89' lang='lat' dir='ltr'>Lembum</span> <span class='ocrx_word' id='word_1_44' title='bbox 725 1085 1015 1142; x_wconf 89' lang='lat' dir='ltr'>biremem</span> <span class='ocrx_word' id='word_1_45' title='bbox 1056 1094 1242 1143; x_wconf 85' lang='lat' dir='ltr'>nauta</span> <span class='ocrx_word' id='word_1_46' title='bbox 1286 1086 1554 1161; x_wconf 80' lang='lat' dir='ltr'><strong>piscator</strong></span> <span class='ocrx_word' id='word_1_47' title='bbox 1590 1084 1763 1161; x_wconf 84' lang='lat' dir='ltr'>regit,</span> 
     </span>
     <span class='ocr_line' id='line_1_11' title="bbox 388 1169 2156 1248; baseline 0.001 -22"><span class='ocrx_word' id='word_1_48' title='bbox 388 1169 655 1227; x_wconf 91' lang='lat' dir='ltr'>Leucum</span> <span class='ocrx_word' id='word_1_49' title='bbox 701 1169 1074 1244; x_wconf 79' lang='lat' dir='ltr'>sequestrem</span> <span class='ocrx_word' id='word_1_50' title='bbox 1113 1171 1321 1248; x_wconf 82' lang='lat' dir='ltr'>regiae</span> <span class='ocrx_word' id='word_1_51' title='bbox 1362 1172 1611 1227; x_wconf 89' lang='lat' dir='ltr'>ductans</span> <span class='ocrx_word' id='word_1_52' title='bbox 1657 1169 1816 1242; x_wconf 85' lang='lat' dir='ltr'>dolo,</span> <span class='ocrx_word' id='word_1_53' title='bbox 2122 1181 2156 1218; x_wconf 69' lang='lat'>⁸</span> 
     </span>
     <span class='ocr_line' id='line_1_12' title="bbox 393 1253 1753 1331; baseline 0 -18"><span class='ocrx_word' id='word_1_54' title='bbox 393 1254 736 1331; x_wconf 90' lang='lat' dir='ltr'>Odiumque</span> <span class='ocrx_word' id='word_1_55' title='bbox 784 1256 981 1313; x_wconf 87' lang='lat' dir='ltr'>caecis</span> <span class='ocrx_word' id='word_1_56' title='bbox 1027 1255 1347 1331; x_wconf 89' lang='lat' dir='ltr'>implicans</span> <span class='ocrx_word' id='word_1_57' title='bbox 1393 1253 1753 1313; x_wconf 78' lang='lat' dir='ltr'>mendaciis:</span> 
     </span>
     <span class='ocr_line' id='line_1_13' title="bbox 236 1338 1636 1415; baseline 0 -19"><span class='ocrx_word' id='word_1_58' title='bbox 236 1338 372 1393; x_wconf 70' lang='lat'>1220</span> <span class='ocrx_word' id='word_1_59' title='bbox 394 1338 529 1397; x_wconf 85' lang='lat' dir='ltr'>Nec</span> <span class='ocrx_word' id='word_1_60' title='bbox 567 1340 671 1397; x_wconf 89' lang='lat' dir='ltr'>ille</span> <span class='ocrx_word' id='word_1_61' title='bbox 716 1349 921 1415; x_wconf 83' lang='lat' dir='ltr'>parcet</span> <span class='ocrx_word' id='word_1_62' title='bbox 959 1340 1192 1413; x_wconf 71' lang='lat' dir='ltr'>liberie,</span> <span class='ocrx_word' id='word_1_63' title='bbox 1241 1360 1353 1398; x_wconf 89' lang='lat' dir='ltr'>nec</span> <span class='ocrx_word' id='word_1_64' title='bbox 1395 1339 1636 1415; x_wconf 90' lang='lat' dir='ltr'>coniugi</span> 
     </span>
     <span class='ocr_line' id='line_1_14' title="bbox 388 1424 1783 1496; baseline 0 -14"><span class='ocrx_word' id='word_1_65' title='bbox 388 1425 624 1496; x_wconf 76' lang='lat' dir='ltr'>Medae,</span> <span class='ocrx_word' id='word_1_66' title='bbox 670 1426 894 1483; x_wconf 87' lang='lat' dir='ltr'>furoris</span> <span class='ocrx_word' id='word_1_67' title='bbox 944 1427 1234 1484; x_wconf 79' lang='lat' dir='ltr'>aestubus</span> <span class='ocrx_word' id='word_1_68' title='bbox 1283 1435 1541 1482; x_wconf 88' lang='lat' dir='ltr'>mentem</span> <span class='ocrx_word' id='word_1_69' title='bbox 1589 1424 1783 1495; x_wconf 80' lang='lat' dir='ltr'>aviuS‚</span> 
     </span>
     <span class='ocr_line' id='line_1_15' title="bbox 388 1508 1598 1585; baseline -0.001 -19"><span class='ocrx_word' id='word_1_70' title='bbox 388 1508 533 1566; x_wconf 90' lang='lat' dir='ltr'>Non</span> <span class='ocrx_word' id='word_1_71' title='bbox 574 1509 948 1568; x_wconf 87' lang='lat' dir='ltr'>Clesitherae</span> <span class='ocrx_word' id='word_1_72' title='bbox 988 1511 1172 1582; x_wconf 77' lang='lat' dir='ltr'>filiae,</span> <span class='ocrx_word' id='word_1_73' title='bbox 1219 1511 1388 1568; x_wconf 88' lang='lat' dir='ltr'>cuius</span> <span class='ocrx_word' id='word_1_74' title='bbox 1427 1517 1598 1585; x_wconf 88' lang='lat' dir='ltr'>pater</span> 
     </span>
     <span class='ocr_line' id='line_1_16' title="bbox 385 1593 1716 1671; baseline 0 -20"><span class='ocrx_word' id='word_1_75' title='bbox 385 1593 653 1652; x_wconf 89' lang='lat' dir='ltr'>Draconi</span> <span class='ocrx_word' id='word_1_76' title='bbox 696 1595 936 1654; x_wconf 88' lang='lat' dir='ltr'>alumno</span> <span class='ocrx_word' id='word_1_77' title='bbox 991 1605 1201 1671; x_wconf 88' lang='lat' dir='ltr'>sponte</span> <span class='ocrx_word' id='word_1_78' title='bbox 1242 1596 1479 1671; x_wconf 86' lang='lat' dir='ltr'>nuptias</span> <span class='ocrx_word' id='word_1_79' title='bbox 1527 1594 1716 1651; x_wconf 84' lang='lat' dir='ltr'>dabit:</span> 
     </span>
     <span class='ocr_line' id='line_1_17' title="bbox 243 1680 1748 1763; baseline -0.003 -23"><span class='ocrx_word' id='word_1_80' title='bbox 243 1753 252 1763; x_wconf 88' lang='lat'><strong><em>.</em></strong></span> <span class='ocrx_word' id='word_1_81' title='bbox 389 1680 738 1755; x_wconf 87' lang='lat' dir='ltr'>Omnesque</span> <span class='ocrx_word' id='word_1_82' title='bbox 784 1681 968 1738; x_wconf 89' lang='lat' dir='ltr'>cruda</span> <span class='ocrx_word' id='word_1_83' title='bbox 1009 1682 1180 1738; x_wconf 88' lang='lat' dir='ltr'>cedet</span> <span class='ocrx_word' id='word_1_84' title='bbox 1231 1681 1291 1738; x_wconf 90' lang='lat' dir='ltr'>in</span> <span class='ocrx_word' id='word_1_85' title='bbox 1337 1680 1524 1738; x_wconf 84' lang='lat' dir='ltr'>sacris</span> <span class='ocrx_word' id='word_1_86' title='bbox 1575 1698 1748 1735; x_wconf 85' lang='lat' dir='ltr'>manu</span> 
     </span>
     <span class='ocr_line' id='line_1_18' title="bbox 237 1763 1613 1837; baseline 0.001 -19"><span class='ocrx_word' id='word_1_87' title='bbox 237 1766 368 1819; x_wconf 87' lang='grc'>1225</span> <span class='ocrx_word' id='word_1_88' title='bbox 389 1763 628 1824; x_wconf 86' lang='lat' dir='ltr'>Cereris</span> <span class='ocrx_word' id='word_1_89' title='bbox 672 1765 942 1837; x_wconf 76' lang='lat' dir='ltr'>favissiS‚</span> <span class='ocrx_word' id='word_1_90' title='bbox 991 1767 1232 1824; x_wconf 88' lang='lat' dir='ltr'>saucios</span> <span class='ocrx_word' id='word_1_91' title='bbox 1277 1764 1613 1823; x_wconf 87' lang='lat' dir='ltr'>crudeliter.</span> 
     </span>
     <span class='ocr_line' id='line_1_19' title="bbox 385 1848 1776 1927; baseline -0.001 -21"><span class='ocrx_word' id='word_1_92' title='bbox 385 1848 716 1926; x_wconf 89' lang='lat' dir='ltr'>Decusque</span> <span class='ocrx_word' id='word_1_93' title='bbox 756 1850 975 1908; x_wconf 85' lang='lat' dir='ltr'>avitum</span> <span class='ocrx_word' id='word_1_94' title='bbox 1021 1851 1259 1908; x_wconf 89' lang='lat' dir='ltr'>illustre</span> <span class='ocrx_word' id='word_1_95' title='bbox 1298 1848 1570 1927; x_wconf 88' lang='lat' dir='ltr'>progenii</span> <span class='ocrx_word' id='word_1_96' title='bbox 1610 1868 1776 1906; x_wconf 91' lang='lat' dir='ltr'>meae</span> 
     </span>
     <span class='ocr_line' id='line_1_20' title="bbox 386 1937 1687 2010; baseline -0.001 -19"><span class='ocrx_word' id='word_1_97' title='bbox 386 1937 619 1992; x_wconf 83' lang='lat' dir='ltr'>Aevum</span> <span class='ocrx_word' id='word_1_98' title='bbox 664 1944 912 2010; x_wconf 89' lang='lat' dir='ltr'>nepotes</span> <span class='ocrx_word' id='word_1_99' title='bbox 959 1937 1211 1993; x_wconf 86' lang='lat' dir='ltr'>efferent</span> <span class='ocrx_word' id='word_1_100' title='bbox 1249 1937 1307 1993; x_wconf 89' lang='lat' dir='ltr'>in</span> <span class='ocrx_word' id='word_1_101' title='bbox 1356 1942 1687 2010; x_wconf 80' lang='lat' dir='ltr'>posterum,</span> 
     </span>
     <span class='ocr_line' id='line_1_21' title="bbox 388 2017 1684 2096; baseline -0.002 -19"><span class='ocrx_word' id='word_1_102' title='bbox 388 2017 686 2077; x_wconf 84' lang='lat' dir='ltr'>Coronam</span> <span class='ocrx_word' id='word_1_103' title='bbox 732 2019 933 2093; x_wconf 88' lang='lat' dir='ltr'>adepti</span> <span class='ocrx_word' id='word_1_104' title='bbox 975 2019 1219 2096; x_wconf 90' lang='lat' dir='ltr'>praeliis</span> <span class='ocrx_word' id='word_1_105' title='bbox 1266 2019 1684 2096; x_wconf 83' lang='lat' dir='ltr'>perduellium,</span> 
     </span>
     <span class='ocr_line' id='line_1_22' title="bbox 387 2103 1784 2181; baseline 0.002 -21"><span class='ocrx_word' id='word_1_106' title='bbox 387 2103 614 2161; x_wconf 85' lang='lat' dir='ltr'>Terrae</span> <span class='ocrx_word' id='word_1_107' title='bbox 658 2104 960 2178; x_wconf 89' lang='lat' dir='ltr'>marisque</span> <span class='ocrx_word' id='word_1_108' title='bbox 1001 2107 1095 2162; x_wconf 91' lang='lat' dir='ltr'>ius</span> <span class='ocrx_word' id='word_1_109' title='bbox 1139 2112 1416 2163; x_wconf 88' lang='lat' dir='ltr'>tenentes</span> <span class='ocrx_word' id='word_1_110' title='bbox 1459 2106 1784 2181; x_wconf 83' lang='lat' dir='ltr'>principes:</span> 
     </span>
     <span class='ocr_line' id='line_1_23' title="bbox 236 2188 1719 2265; baseline 0.001 -19"><span class='ocrx_word' id='word_1_111' title='bbox 236 2194 369 2247; x_wconf 85' lang='grc'>1230</span> <span class='ocrx_word' id='word_1_112' title='bbox 386 2188 520 2246; x_wconf 90' lang='lat' dir='ltr'>Nec</span> <span class='ocrx_word' id='word_1_113' title='bbox 568 2189 875 2247; x_wconf 84' lang='lat' dir='ltr'>mentione</span> <span class='ocrx_word' id='word_1_114' title='bbox 919 2198 1192 2265; x_wconf 88' lang='lat' dir='ltr'>postuma</span> <span class='ocrx_word' id='word_1_115' title='bbox 1242 2209 1463 2248; x_wconf 89' lang='lat' dir='ltr'>nomen</span> <span class='ocrx_word' id='word_1_116' title='bbox 1511 2209 1719 2248; x_wconf 88' lang='lat' dir='ltr'>carens</span> 
     </span>
     <span class='ocr_line' id='line_1_24' title="bbox 391 2272 1507 2351; baseline -0.001 -18"><span class='ocrx_word' id='word_1_117' title='bbox 391 2272 634 2333; x_wconf 89' lang='lat' dir='ltr'>Celabis</span> <span class='ocrx_word' id='word_1_118' title='bbox 675 2274 813 2333; x_wconf 86' lang='lat' dir='ltr'>altis</span> <span class='ocrx_word' id='word_1_119' title='bbox 851 2275 913 2334; x_wconf 90' lang='lat' dir='ltr'>in</span> <span class='ocrx_word' id='word_1_120' title='bbox 959 2276 1250 2347; x_wconf 74' lang='lat' dir='ltr'>tenebris,</span> <span class='ocrx_word' id='word_1_121' title='bbox 1299 2276 1507 2351; x_wconf 90' lang='lat' dir='ltr'>patria.</span> 
     </span>
     <span class='ocr_line' id='line_1_25' title="bbox 388 2359 1659 2434; baseline 0 -17"><span class='ocrx_word' id='word_1_122' title='bbox 388 2359 572 2418; x_wconf 87' lang='lat' dir='ltr'>Tales</span> <span class='ocrx_word' id='word_1_123' title='bbox 615 2360 914 2433; x_wconf 79' lang='lat' dir='ltr'>relinquet</span> <span class='ocrx_word' id='word_1_124' title='bbox 951 2361 1347 2418; x_wconf 85' lang='lat' dir='ltr'>consobrinus</span> <span class='ocrx_word' id='word_1_125' title='bbox 1389 2360 1659 2434; x_wconf 89' lang='lat' dir='ltr'>duplices</span> 
     </span>
     <span class='ocr_line' id='line_1_26' title="bbox 391 2445 1760 2520; baseline 0.001 -18"><span class='ocrx_word' id='word_1_126' title='bbox 391 2447 562 2502; x_wconf 89' lang='lat' dir='ltr'>Meus</span> <span class='ocrx_word' id='word_1_127' title='bbox 606 2445 845 2516; x_wconf 84' lang='lat' dir='ltr'>leones,</span> <span class='ocrx_word' id='word_1_128' title='bbox 893 2446 1218 2502; x_wconf 83' lang='lat' dir='ltr'>maximum</span> <span class='ocrx_word' id='word_1_129' title='bbox 1262 2447 1495 2503; x_wconf 89' lang='lat' dir='ltr'>Romae</span> <span class='ocrx_word' id='word_1_130' title='bbox 1548 2464 1760 2520; x_wconf 85' lang='lat' dir='ltr'>genus,</span> 
     </span>
     <span class='ocr_line' id='line_1_27' title="bbox 391 2528 1692 2601; baseline 0.001 -14"><span class='ocrx_word' id='word_1_131' title='bbox 391 2528 624 2587; x_wconf 89' lang='lat' dir='ltr'>Gnatus</span> <span class='ocrx_word' id='word_1_132' title='bbox 673 2538 963 2586; x_wconf 86' lang='lat' dir='ltr'>venustae</span> <span class='ocrx_word' id='word_1_133' title='bbox 1005 2530 1437 2601; x_wconf 76' lang='lat' dir='ltr'>Vorticordiae‚</span> <span class='ocrx_word' id='word_1_134' title='bbox 1484 2529 1692 2588; x_wconf 88' lang='lat' dir='ltr'>cluens</span> 
     </span>
     <span class='ocr_line' id='line_1_28' title="bbox 237 2613 1682 2688; baseline 0.005 -23"><span class='ocrx_word' id='word_1_135' title='bbox 237 2613 370 2667; x_wconf 85' lang='grc'>1235</span> <span class='ocrx_word' id='word_1_136' title='bbox 388 2614 633 2686; x_wconf 85' lang='lat' dir='ltr'>Mentis,</span> <span class='ocrx_word' id='word_1_137' title='bbox 679 2633 791 2671; x_wconf 90' lang='lat' dir='ltr'>nec</span> <span class='ocrx_word' id='word_1_138' title='bbox 835 2614 958 2671; x_wconf 84' lang='lat' dir='ltr'>acri</span> <span class='ocrx_word' id='word_1_139' title='bbox 1000 2616 1399 2688; x_wconf 88' lang='lat' dir='ltr'>poenitendus</span> <span class='ocrx_word' id='word_1_140' title='bbox 1443 2614 1682 2687; x_wconf 86' lang='lat' dir='ltr'>praelio.</span> 
     </span>
     <span class='ocr_line' id='line_1_29' title="bbox 383 2698 1848 2776; baseline 0.002 -22"><span class='ocrx_word' id='word_1_141' title='bbox 383 2698 728 2756; x_wconf 87' lang='lat' dir='ltr'>Rhaecelon</span> <span class='ocrx_word' id='word_1_142' title='bbox 770 2701 975 2756; x_wconf 90' lang='lat' dir='ltr'>urbem</span> <span class='ocrx_word' id='word_1_143' title='bbox 1021 2701 1121 2774; x_wconf 94' lang='lat' dir='ltr'>qui</span> <span class='ocrx_word' id='word_1_144' title='bbox 1165 2700 1332 2776; x_wconf 89' lang='lat' dir='ltr'>prius</span> <span class='ocrx_word' id='word_1_145' title='bbox 1388 2706 1640 2756; x_wconf 87' lang='lat' dir='ltr'>ventans</span> <span class='ocrx_word' id='word_1_146' title='bbox 1688 2699 1848 2757; x_wconf 88' lang='lat' dir='ltr'>colet</span> 
     </span>
     <span class='ocr_line' id='line_1_30' title="bbox 386 2781 1867 2860; baseline 0.001 -19"><span class='ocrx_word' id='word_1_147' title='bbox 386 2781 551 2841; x_wconf 84' lang='lat' dir='ltr'>Cissi</span> <span class='ocrx_word' id='word_1_148' title='bbox 589 2783 664 2840; x_wconf 89' lang='lat' dir='ltr'>ad</span> <span class='ocrx_word' id='word_1_149' title='bbox 707 2803 1045 2858; x_wconf 88' lang='lat' dir='ltr'>supremum</span> <span class='ocrx_word' id='word_1_150' title='bbox 1095 2786 1353 2856; x_wconf 70' lang='lat' dir='ltr'>culmen,</span> <span class='ocrx_word' id='word_1_151' title='bbox 1400 2793 1459 2841; x_wconf 89' lang='lat' dir='ltr'>et</span> <span class='ocrx_word' id='word_1_152' title='bbox 1501 2785 1867 2860; x_wconf 85' lang='lat' dir='ltr'>Laphystias</span> 
     </span>
     <span class='ocr_line' id='line_1_31' title="bbox 385 2866 1673 2945; baseline 0 -21"><span class='ocrx_word' id='word_1_153' title='bbox 385 2866 585 2925; x_wconf 89' lang='lat' dir='ltr'>Cornu</span> <span class='ocrx_word' id='word_1_154' title='bbox 621 2868 886 2945; x_wconf 86' lang='lat' dir='ltr'>rigentes</span> <span class='ocrx_word' id='word_1_155' title='bbox 933 2871 1226 2928; x_wconf 83' lang='lat' dir='ltr'>feminas:</span> <span class='ocrx_word' id='word_1_156' title='bbox 1278 2869 1597 2944; x_wconf 84' lang='lat' dir='ltr'>Halmopia</span> <span class='ocrx_word' id='word_1_157' title='bbox 1670 2936 1673 2939; x_wconf 16' lang='grc' dir='ltr'><strong>Δ</strong></span> 
     </span>
     <span class='ocr_line' id='line_1_32' title="bbox 384 2953 1850 3028; baseline -0.001 -17"><span class='ocrx_word' id='word_1_158' title='bbox 384 2953 648 3011; x_wconf 88' lang='lat' dir='ltr'>Rursum</span> <span class='ocrx_word' id='word_1_159' title='bbox 696 2962 1017 3012; x_wconf 89' lang='lat' dir='ltr'>exeuntem</span> <span class='ocrx_word' id='word_1_160' title='bbox 1059 2974 1233 3028; x_wconf 90' lang='lat' dir='ltr'>quem</span> <span class='ocrx_word' id='word_1_161' title='bbox 1288 2963 1491 3011; x_wconf 83' lang='lat' dir='ltr'>manet</span> <span class='ocrx_word' id='word_1_162' title='bbox 1536 2953 1850 3025; x_wconf 81' lang='lat' dir='ltr'>Turrenia‚</span> 
     </span>
     <span class='ocr_line' id='line_1_33' title="bbox 233 3037 1765 3116; baseline 0.002 -24"><span class='ocrx_word' id='word_1_163' title='bbox 233 3039 367 3094; x_wconf 83' lang='grc'>1240</span> <span class='ocrx_word' id='word_1_164' title='bbox 386 3037 658 3113; x_wconf 87' lang='lat' dir='ltr'>Tepente</span> <span class='ocrx_word' id='word_1_165' title='bbox 700 3040 982 3115; x_wconf 83' lang='lat' dir='ltr'>Lynceus</span> <span class='ocrx_word' id='word_1_166' title='bbox 1022 3050 1082 3096; x_wconf 91' lang='lat' dir='ltr'>et</span> <span class='ocrx_word' id='word_1_167' title='bbox 1118 3039 1461 3099; x_wconf 87' lang='lat' dir='ltr'>redundans</span> <span class='ocrx_word' id='word_1_168' title='bbox 1507 3038 1765 3116; x_wconf 87' lang='lat' dir='ltr'>agmine.</span> 
     </span>
     <span class='ocr_line' id='line_1_34' title="bbox 382 3124 1831 3201; baseline -0.001 -20"><span class='ocrx_word' id='word_1_169' title='bbox 382 3124 461 3181; x_wconf 84' lang='lat' dir='ltr'>Et</span> <span class='ocrx_word' id='word_1_170' title='bbox 502 3124 670 3196; x_wconf 79' lang='lat' dir='ltr'>Pisa,</span> <span class='ocrx_word' id='word_1_171' title='bbox 714 3144 1013 3199; x_wconf 84' lang='lat' dir='ltr'>pecorosa</span> <span class='ocrx_word' id='word_1_172' title='bbox 1058 3134 1237 3200; x_wconf 84' lang='lat' dir='ltr'>atque</span> <span class='ocrx_word' id='word_1_173' title='bbox 1279 3124 1530 3201; x_wconf 85' lang='lat' dir='ltr'>Agylles</span> <span class='ocrx_word' id='word_1_174' title='bbox 1580 3141 1831 3198; x_wconf 84' lang='lat' dir='ltr'>pascua:</span> 
     </span>
     <span class='ocr_line' id='line_1_35' title="bbox 382 3208 1890 3286; baseline 0 -22"><span class='ocrx_word' id='word_1_175' title='bbox 382 3208 664 3267; x_wconf 87' lang='lat' dir='ltr'>Miscebit</span> <span class='ocrx_word' id='word_1_176' title='bbox 702 3211 892 3269; x_wconf 87' lang='lat' dir='ltr'>hostis</span> <span class='ocrx_word' id='word_1_177' title='bbox 939 3229 1196 3286; x_wconf 89' lang='lat' dir='ltr'>quocum</span> <span class='ocrx_word' id='word_1_178' title='bbox 1243 3211 1498 3267; x_wconf 88' lang='lat' dir='ltr'>amicum</span> <span class='ocrx_word' id='word_1_179' title='bbox 1539 3208 1890 3279; x_wconf 82' lang='lat' dir='ltr'>exercitum,</span> 
     </span>
     <span class='ocr_line' id='line_1_36' title="bbox 383 3292 1971 3370; baseline 0.001 -20"><span class='ocrx_word' id='word_1_180' title='bbox 383 3292 654 3370; x_wconf 90' lang='lat' dir='ltr'>Adigens</span> <span class='ocrx_word' id='word_1_181' title='bbox 695 3305 1071 3353; x_wconf 86' lang='lat' dir='ltr'>sacramento</span> <span class='ocrx_word' id='word_1_182' title='bbox 1119 3303 1297 3368; x_wconf 89' lang='lat' dir='ltr'>atque</span> <span class='ocrx_word' id='word_1_183' title='bbox 1343 3294 1653 3370; x_wconf 88' lang='lat' dir='ltr'>suppliciis</span> <span class='ocrx_word' id='word_1_184' title='bbox 1702 3312 1971 3368; x_wconf 80' lang='lat' dir='ltr'>precum,</span> 
     </span>
     <span class='ocr_line' id='line_1_37' title="bbox 383 3378 1619 3456; baseline 0 -21"><span class='ocrx_word' id='word_1_185' title='bbox 383 3379 538 3436; x_wconf 88' lang='lat' dir='ltr'>Erro</span> <span class='ocrx_word' id='word_1_186' title='bbox 582 3378 841 3439; x_wconf 86' lang='lat' dir='ltr'>latentes</span> <span class='ocrx_word' id='word_1_187' title='bbox 882 3381 1145 3456; x_wconf 85' lang='lat' dir='ltr'>pumilus</span> <span class='ocrx_word' id='word_1_188' title='bbox 1191 3399 1447 3455; x_wconf 78' lang='lat' dir='ltr'>ruspans</span> <span class='ocrx_word' id='word_1_189' title='bbox 1489 3379 1619 3436; x_wconf 90' lang='lat' dir='ltr'>vias</span> 
     </span>
     <span class='ocr_line' id='line_1_38' title="bbox 234 3461 1711 3539; baseline 0.004 -27"><span class='ocrx_word' id='word_1_190' title='bbox 234 3461 366 3515; x_wconf 79' lang='grc'>1245</span> <span class='ocrx_word' id='word_1_191' title='bbox 388 3463 617 3520; x_wconf 90' lang='lat' dir='ltr'>Terrae</span> <span class='ocrx_word' id='word_1_192' title='bbox 662 3467 992 3539; x_wconf 86' lang='lat' dir='ltr'>marisque:</span> <span class='ocrx_word' id='word_1_193' title='bbox 1039 3475 1163 3523; x_wconf 88' lang='lat' dir='ltr'>tum</span> <span class='ocrx_word' id='word_1_194' title='bbox 1204 3465 1384 3523; x_wconf 89' lang='lat' dir='ltr'>simul</span> <span class='ocrx_word' id='word_1_195' title='bbox 1427 3464 1548 3521; x_wconf 85' lang='lat' dir='ltr'>nati</span> <span class='ocrx_word' id='word_1_196' title='bbox 1593 3464 1711 3519; x_wconf 93' lang='lat' dir='ltr'>duo</span> 
     </span>
     <span class='ocr_line' id='line_1_39' title="bbox 385 3549 1603 3627; baseline -0.001 -21"><span class='ocrx_word' id='word_1_197' title='bbox 385 3550 598 3626; x_wconf 83' lang='lat' dir='ltr'>Mysos</span> <span class='ocrx_word' id='word_1_198' title='bbox 642 3551 910 3627; x_wconf 85' lang='lat' dir='ltr'>regentis</span> <span class='ocrx_word' id='word_1_199' title='bbox 954 3551 1152 3625; x_wconf 89' lang='lat' dir='ltr'>(cuius</span> <span class='ocrx_word' id='word_1_200' title='bbox 1198 3551 1413 3607; x_wconf 86' lang='lat' dir='ltr'>avertit</span> <span class='ocrx_word' id='word_1_201' title='bbox 1456 3549 1603 3606; x_wconf 85' lang='lat' dir='ltr'>deus</span> 
     </span>
    </p>
   </div>
  </div>
 </body>
</html>
