2452 4186
1104 320 1223 380 311

880 490 1138 568 Stropha
1188 490 1427 549 XIIII.

255 574 358 635 Ch.
442 578 665 634 Amore
708 576 1028 635 tremisco:
1072 577 1256 635 vitulo
1294 573 1516 652 gaudio
1564 591 1771 650 vagus.

250 662 340 734 Io,
381 662 467 731 10,
510 681 545 718 o
586 661 744 721 Fau-

250 766 374 818 -ne‚
427 765 464 804 o
507 764 769 824 pervage
813 747 1050 807 Faune:

249 830 566 908 Cylleniae
605 832 887 906 speculae
916 833 1059 909 iuga

245 919 398 994 Age,
440 935 501 989 0,
536 916 828 993 ninguida
870 917 1077 991 linque
1121 935 1395 993 scrupea.
1439 917 1608 976 adsis

244 1000 446 1059 Deum
492 1001 891 1061 salisubsule:
935 1012 1118 1077 atque
1157 1011 1365 1079 gestus

247 1085 631 1145 Gnossiacos
670 1106 781 1164 age

242 1173 509 1244 Mecum,
556 1171 973 1246 indocilesque
1015 1174 1172 1249 pede

244 1255 440 1329 Quate
488 1255 585 1313 hic
628 1258 904 1316 choreas.
1080 1322 1087 1329 ,

241 1341 425 1400 Nunc
470 1340 617 1398 mihi
664 1342 936 1400 saltitare
979 1361 1158 1400 curae
1204 1347 1316 1400 est.

241 1426 504 1485 Icarium
545 1426 741 1485 salum
796 1445 1118 1503 superans,
1163 1436 1362 1485 trans-

245 1512 511 1569 -marine
552 1510 708 1569 Dive
754 1512 1000 1588 Apollo,

239 1599 513 1673 Apertus
561 1604 620 1653 et
664 1616 966 1673 apparens

240 1682 477 1740 Adesto
517 1682 867 1756 placabilis,
916 1692 1097 1759 atque
1137 1683 1311 1740 felix.

821 1769 1208 1844 Anti-stropha
1259 1768 1497 1825 XIIII.

239 1851 539 1910 Remotus
577 1852 737 1909 enim
790 1871 930 1910 acer
975 1855 1051 1912 ab
1089 1854 1280 1912 oculis
1310 1852 1453 1909 mali
1478 1850 1665 1909 labor.

238 1937 330 2008 10,
373 1937 463 2009 Io,
508 1955 670 1993 nunc
714 1958 752 1995 o
799 1957 959 1996 nunc

236 2021 551 2080 Accedere
596 2022 805 2100 Iuppi-

238 2116 385 2180 -ter‚
431 2108 657 2179 fausta,
706 2107 964 2166 candida
1006 2107 1112 2165 lux
1158 2108 1300 2166 sivit

240 2191 414 2252 Citas
455 2193 815 2272 fluctivagas
863 2201 1049 2264 rates,
1090 2194 1233 2266 quia
1273 2194 1434 2251 Aiax

237 2278 467 2336 Furore
514 2278 773 2352 levatus,
818 2286 878 2335 et
920 2277 1189 2334 Deorum

241 2362 413 2421 Iusta
456 2371 737 2438 operatus
781 2371 895 2433 est,

237 2448 322 2506 Et
370 2465 529 2505 nunc
572 2449 800 2524 pietate
845 2447 1056 2504 colens

238 2532 358 2590 Pia
400 2533 680 2610 benigna.

245 2618 474 2677 Omnia
517 2626 757 2694 tempus
805 2636 943 2675 acre
991 2616 1170 2675 delet.

238 2701 376 2761 Nec
419 2704 549 2760 fieri
592 2723 771 2762 omne
811 2721 1022 2779 posse,
1060 2700 1412 2779 ,negandum
1459 2709 1571 2759 est.

239 2787 363 2848 Ubi
406 2788 543 2864 ipse
588 2788 903 2847 restitutus

238 2873 400 2931 Aiax
444 2872 617 2931 modo
656 2872 886 2931 Atridis
931 2873 1022 2929 in-

242 2958 490 3033 -opinus
537 2966 632 3017 est
676 2977 753 3015 ex
795 2957 1073 3034 graviore
1119 2956 1244 3014 lite.

237 3041 540 3102 Nuncius.
629 3041 758 3100 Hos
782 3043 1064 3118 primum,
1092 3041 1295 3113 amici,
1326 3060 1438 3100 vos
1467 3061 1580 3119 ego
1619 3043 1869 3102 edoctos
1893 3044 2074 3104 volox

239 3127 483 3186 Recens
526 3128 602 3185 ab
653 3126 793 3186 altis
833 3126 1073 3203 Mysiae
1120 3127 1358 3184 Teucer
1403 3128 1563 3204 iugis
2074 3139 2179 3192 720

239 3212 453 3271 Adest.
499 3213 554 3271 is
608 3221 808 3270 autem
851 3211 1053 3269 media
1096 3220 1299 3269 castra
1333 3230 1658 3287 permeans

238 3297 477 3355 Petitur
513 3298 748 3356 acerbis
787 3298 1054 3355 omnium
1096 3298 1390 3373 Argivum
1434 3298 1687 3372 probris.

240 3382 605 3441 Ventantem
648 3382 807 3440 enim
832 3382 1015 3440 'illum
1060 3383 1496 3441 sciscitabundi
1537 3383 1739 3457 procul

243 3465 812 3527 Circumsteteruntt
851 3469 993 3525 hinc
1039 3475 1101 3524 et
1138 3468 1282 3525 hinc
1328 3468 1622 3527 conviciis

242 3551 565 3625 Lacerant,
606 3553 936 3611 lacessunt.
983 3572 1107 3611 non
1148 3553 1265 3610 fuit
1311 3554 1414 3629 qui
1458 3573 1592 3611 non.
1632 3572 1766 3611 eum
2073 3565 2176 3617 725
