2452 4186
1118 286 1239 349 135

268 448 637 534 Προσθῆκαι
680 451 990 535 λαχάνων.
1025 449 1412 536 Ὑγιέστερος
1457 452 1518 516 εἶ
1551 454 1939 537 κολοκύντης.

266 533 504 619 Πρώρα
541 536 809 618 πρύμνα.
874 534 1004 619 Πρὸ
1046 541 1153 620 τῆς
1188 539 1373 622 νίκης.
1402 537 1690 602 ἐπινίκιον
1738 538 1922 624 ᾄδεις.

265 619 397 688 Πὺξ
440 621 480 702 ἢ
525 620 655 688 λάξ.
703 617 860 682 Δότε
890 643 996 702 μοι
1036 623 1323 704 λεκάνην,
1353 620 1515 685 δότε.
1563 619 1732 692 Βοῦς
1752 624 1850 687 ἐπὶ
1885 628 2091 708 σωρῷ.

262 704 400 787 Πῦρ
447 704 546 774 ἐπὶ
587 708 707 787 πῦρ
744 705 1019 814 βάλλεις.
1063 706 1271 791 Ἀρχὰ
1301 706 1587 773 ,δείκνυσι
1629 709 1732 770 τὸν
1783 707 1996 791 ἄνδρα.

262 787 715 872 Πυρπαλάμης.
778 784 914 851 Οσα
953 786 1091 859 Μῦς
1137 791 1198 853 ἐν
1246 789 1429 874 Πίσῃ.
1480 788 2058 876 Φαινοπροσωπεῖν.

264 872 514 957 Πυρῥὸς
558 872 741 949 ἅπαξ,
788 873 1029 942 δεκάκις
1070 874 1336 984 χ’λωρός.
1389 876 1668 939 Δειπνεῖν
1703 901 1778 959 με
1824 877 2093 939 δίδασκε.

258 956 676 1041 Πτωχότερος
713 957 1070 1026 Παύσωνος.
1120 959 1458 1044 ,Υδωρκαὶ
1504 965 1651 1042 γαῖα
1691 960 1997 1043 γένοισθε.

261 1041 598 1112 Σελλίζειν.
644 1041 949 1107 Ἀπόνοια
997 1040 1324 1124 Γιγάντων.
1373 1045 1597 1127 Ψῆιοος
1629 1045 1923 1128 Ἀθηνᾶς.
2067 1044 2072 1048 ’

259 1126 464 1210 Σήψει
504 1127 608 1189 καὶ
628 1126 862 1210 ’πέτραν
904 1127 944 1189 ,ὁ
994 1129 1187 1199 πολὺς
1225 1128 1469 1212 χρόνος.
1490 1109 1721 1213 ΫΈρνος
1745 1130 2000 1212 ’Άρηος

244 1210 520 1282 Σιτίζεις
559 1209 807 1294 ἀκόνην.
846 1208 1057 1273 Ποιεῖν
1103 1214 1157 1275 τὶ
1202 1215 1317 1288 δεῖ,
1362 1214 1466 1281 οἷς»
1488 1213 1634 1296 γόνυ
1676 1212 1952 1298 χλωρόν.

257 1295 610 1379 Σκήπτεται
650 1293 923 1379 ἔμπορος
961 1295 1136 1359 εἶναι.
1174 1295 1469 1362 Ἐτώσιον
1522 1297 1719 1382 ἄχθος
1761 1296 2045 1381 ἀρούρης.

259 1380 495 1464 Σκυρία
545 1377 1087 1448 αἴΕ.-Ἀπὸ·πε’ντε
1122 1404 1237 1444 πετ
1276 1385 1348 1444 ἄν
1395 1383 1482 1450 εἰς
1509 1382 1653 1465 κῦμ’
1700 1381 2053 1444 ἐσαλέσθαι.

258 1465 690 1548 Σμυρδυρίνου
739 1466 1160 1547 ἁπαλώτερος.
1189 1460 1215 1488 ‘'
1281 1466 1369 1535 λιΕ
1414 1467 1599 1550 ἥλικα
1639 1465 1865 1549 τέρπει.

259 1550 622 1632 Στιγματίαι
661 1548 904 1632 Σάμιοι.
947 1545 1108 1618 Τοὺς
1150 1549 1211 1612 δ’
1256 1550 1327 1612 οὐ
1372 1552 1481 1633 μία
1504 1551 1734 1618 πάντας
1766 1551 1905 1632 ἄγοι
1929 1555 2094 1633 νηῦς.

259 1633 344 1697 Σὺ
371 1635 673 1701 σκώπτεις
687 1632 928 1718 μὲνέμ’.
965 1633 1086 1716 ἐγὼ
1104 1633 1153 1697 δ’
1175 1634 1315 1703 ὄνος
1330 1636 1536 1718 ῦομαι.
1567 1635 2092 1720 Ἀσπιδαποβλής.

258 1718 599 1802 Συμμαχίη
644 1718 803 1801 μετὰ
845 1721 945 1782 τὸν
986 1718 1281 1797 πόλεμον.
1327 1718 1460 1803 Πῦρ
1506 1721 1692 1782 δαλὸν
1742 1718 2062 1782 ἐπελθόν.·

259 1802 380 1865 Σὺν
433 1803 507 1864 δὲ
548 1802 685 1865 θεοὶ
725 1803 1014 1885 μάκαρες.
1062 1803 1245 1888 Παρὰ
1276 1808 1382 1886 τῆς
1404 1805 1598 1886 αὐλῆς
1627 1803 1702 1866 τὰ
1727 1804 1846 1886 τρί’
1882 1802 2091 1873 εἴποις.

258 1887 549 1971 Σχοινίον
602 1886 664 1955 ἐξ
708 1885 939 1969 ἄμμου.
983 1887 1212 1950 Ξενίων
1264 1887 1335 1951 δέ
1379 1911 1445 1951 τε
1481 1889 1681 1971 θυμὸς
1719 1887 1993 1971 ἄριστος.

260 1968 353 2034 Τὰ
398 1971 704 2054 τρίατῶν
750 1972 836 2039 εἰς
878 1973 979 2034 τὸν
1018 1972 1311 2035 θάνατον.
1355 1970 1799 2058 Ταχυβάμονες
1845 1972 2035 2056 ὅρκοι.

261 2053 384 2119 Τὰν
437 2055 553 2119 ἀπ’
595 2054 857 2140 ἀρότρου
888 2061 1055 2121 παῖε.
1091 2055 1259 2141 Πρὸς
1300 2058 1639 2142 ἐρρωγυῖαν
1694 2057 1936 2127 ἀείδεις.

259 2137 383 2203 Τὰν
428 2140 591 2226 κατὰ
639 2142 859 2218 σαυτὸν
902 2140 1036 2205 ἔλα.
1081 2142 1282 2206 Λύκον
1325 2143 1502 2211 εἶδες.
1545 2140 1715 2211 Βοῦς
1744 2142 1842 2205 ἐπὶ
1870 2144 2089 2227 φάτνῃ.
2185 2146 2190 2151 ’

260 2221 383 2288 Τὰν
425 2229 787 2308 παρεοῦσαν
833 2225 1082 2309 ἄμελγε.
1129 2226 1356 2296 Φέναξ.
1401 2227 1805 2310 Ἀδδηιράγον
1847 2228 2034 2311 ἅρμα.

262 2305 381 2372 Τὰν
438 2309 666 2393 σοφίαν
712 2307 902 2394 ἔλαχ’
949 2313 989 2374 ἁ
1029 2312 1229 2375 πενία.
1268 2310 1444 2375 Μετὰ
1482 2310 1608 2374 Λέσ
1655 2334 1741 2373 ιον
1820 2309 1970 2380 ’δόν.

261 2388 384 2462 Τὰς
421 2393 727 2478 κέγχρους
775 2394 1228 2476 ἀποτορνεόειν.
1272 2391 1597 2478 Ῥαδαμάν
1648 2417 1754 2462 υος
1788 2337 1998 2479 (ἕρκος.

262 2473 386 2547 Τὰς
426 2478 611 2561 μυίας
658 2480 837 2546 ἀετὸς
880 2479 961 2562 θη
1008 2479 1187 2543 εὐων.
1249 2477 1725 2561 Βεκκεσέληνος.

263 2557 513 2647 Τειχίον
549 2561 917 2647 Ἱππάρχου.
1024 2565 1289 2647 ορδόλης
1335 2563 1502 2633 ἄξιος
1547 2563 1660 2626 οὐκ
1703 2563 1777 2625 εἴ.

263 2640 640 2731 Τηλεμάχου
685 2647 901 2732 χότρα.
943 2648 1234 2731 Πόλεμος
1271 2648 1459 2729 γλυκὺ
1507 2651 1749 2732 πρῶτον
1795 2648 2091 2730 ἀπείροις.

262 2724 384 2813 Τὴν
420 2733 622 2815 θήραν
663 2732 1014 2817 προσοβεῖς.
1059 2732 1277 2817 Πηλοῦ
1322 2732 1519 2800 πόδας
1550 2731 1724 2800 ἐκτὸς
1770 2733 2015 2817 ἀείρειν.

262 2808 385 2897 Τὴν
431 2816 689 2899 κραδίην
732 2819 936 2900 τηρεῖν
988 2819 1049 2879 ἐν
1094 2818 1301 2901 πείσῃ.
1346 2814 1618 2901 Καρικὸς
1655 2816 1836 2885 οἶνος.

262 2894 346 2961 Τὸ
391 2900 770 2984 κρύσταλλον
818 2904 849 2965 ὁ
895 2908 1057 2970 παῖς.
1095 2901 1551 2987 Ἀτρεκέστερα
1592 2905 1710 2964 τῶν
1740 2901 1839 2964 ἐπὶ
1863 2899 2090 2985 Σάγρᾳ.

264 2977 366 3051 Τίς
401 2987 573 3068 χρεὼ
621 2984 979 3069 πυθομένου
1023 2988 1335 3070 κρομόου;
1375 2984 1759 3071 Κολοφωνία
1804 2987 1990 3070 ὕβρις.

263 3061 380 3129 Τὸν
430 3070 692 3153 δελφῖνα
727 3072 880 3154 πρὸς
921 3070 1173 3154 οὐραῖον
1218 3073 1363 3141 δεῖς.
1409 3069 1513 3139 Τίς
1553 3070 1777 3154 τρόπος
1818 3070 2053 3145 fata-cmm

264 3145 383 3213 Τὸν
429 3154 756 3237 κολοφῶν’
799 3154 1122 3237 ἐπέθηκεν.
1152 3151 1691 3241 (Ὀσαψεόδονται
1734 3153 1980 3238 ὄνειροι.
2029 3203 2036 3210 .

265 3225 384 3296 Τὸν
432 3236 602 3305 ξένον
647 3238 722 3300 οὐ
770 3240 871 3300 δεῖ
911 3239 1010 3301 ἀεὶ
1055 3239 1224 3309 ξένον
1265 3240 1440 3302 εἶναι.
1484 3238 1768 3306 Θόλακος
1811 3239 2018 3307 ἀσκὸς.

266 3311 384 3380 Τὸν
425 3318 656 3384 Πελίαν
702 3322 980 3385 λοόσαιο.
1030 3322 1163 3387 Μία
1205 3323 1509 3396 Μόκονυς.
1556 3321 1720 3386 Μέλι
1761 3324 2009 3410 λείχειν.

265 3395 390 3466 ,Τοῦ
435 3410 693 3490 πτωχοῦ
733 3408 902 3490 πήρα
944 3408 1018 3471 οὔ
1062 3410 1423 3490 πίμπλαται.
1464 3408 1697 3491 Αίματι
1738 3409 1990 3471 κλαίειν.

266 3478 516 3571 Τυφλὸς
539 3493 835 3559 πλοῦτος.
863 3488 1071 3562 ὈδάΕ.
1116 3493 1275 3557 Ἀνά
1298 3516 1395 3558 σοι
1423 3493 1569 3556 τάδε
1585 3494 1783 3555 πάντα
1802 3491 2090 3576 λεπαργέ.
