2452 4186
1259 297 1382 360 236

887 467 1069 527 Aliud
1113 486 1190 527 ex
1233 466 1473 529 Gallico
1514 467 1748 527 incerti.

412 548 541 615 ἔστι
576 572 665 619 τις
703 548 766 613 ἐν
818 549 1149 634 φθονεραῖς
1189 549 1387 614 δεινὸν
1432 548 1632 633 τέρας,
1691 549 1760 617 ὃς
1795 547 1872 611 τὰ
1917 545 2222 632 Μαρὼτου

492 633 653 718 ἡδέα
700 634 810 717 μὲν
858 635 1103 719 φάσκει,
1151 633 1388 719 σκληρὰ
1425 633 1496 699 δὲ
1538 631 1703 716 τάμὰ
1745 632 1980 711 πέλειν,

412 718 840 804 ἀμφοτέροισι,
878 718 1100 801 λέγων,
1142 721 1344 804 δάφνη
1396 718 1505 802 μὲν
1549 716 1796 781 ἔπαθλα
1838 714 2136 802 Μαρώτῳ

500 804 769 891 φοιβείη,
811 801 992 888 Βηζᾷ
1038 804 1103 865 δ’
1137 802 1179 887 ἤ
1223 825 1368 888 αρεν
1417 803 1546 865 ὦτα
1588 800 1829 865 Μίδου·

410 890 578 952 τίπτε
625 888 817 971 μάτην
864 885 1126 963 πονέεις,
1245 890 1391 950 ίδεω
1435 909 1502 949 τε
1546 905 1651 971 μοι
1692 888 1822 949 ὦτα
1865 885 2228 969 προσάπτειν

498 972 822 1048 σπεύδεαις
868 973 983 1037 οὐκ
1029 972 1226 1050 οἶδας,
1270 973 1557 1057 βάσκανε,
1594 976 1813 1034 ποῦστι
1858 970 1936 1033 τὰ
1967 971 2099 1047 «σάς

546 1142 832 1206 Segusione
868 1144 935 1191 ad
967 1143 1165 1192 radices
1192 1143 1412 1208 Alpium
1445 1143 1501 1191 in
1520 1142 1703 1191 aulaeo
1729 1141 1987 1191 Basilicas
2008 1141 2234 1191 intextae

718 1218 837 1262 sunt
873 1214 1007 1261 duae
1038 1212 1291 1274 mulieres,
1330 1212 1564 1275 singulae
1592 1225 1808 1275 puerum
1827 1209 2085 1260 infantem
2103 1210 2233 1260 ulnis

714 1288 1005 1343 gestantes,
1043 1287 1095 1330 et
1132 1296 1188 1331 se
1222 1288 1408 1330 mutuo
1444 1280 1797 1344 respicientes,
1837 1279 2079 1329 versibus
2119 1277 2237 1329 Gal-

712 1348 826 1400 licis
878 1349 1150 1400 inconditis
1199 1352 1266 1398 ad
1311 1349 1471 1414 pedes
1510 1363 1685 1398 earum
1721 1348 1966 1412 adjectis,
2024 1362 2237 1413 quorum

719 1419 1025 1469 sententiam
1063 1417 1168 1471 Ios.
1204 1418 1306 1467 hoe
1340 1418 1708 1482 epigrammate
1733 1415 1930 1466 Graeco
1968 1417 2235 1482 expressit.

413 1494 699 1579 ἡμετέρω
747 1497 855 1579 μὲν
896 1497 1104 1573 παῖδε,
1148 1498 1252 1560 καὶ
1290 1496 1617 1580 ἣμετέροιν
1663 1497 1784 1560 ἀπὸ
1822 1496 2071 1560 παίδοιν

501 1581 709 1658 παῖδε,
760 1582 1104 1665 κασιγνήτω
1148 1581 1217 1644 θ’
1258 1580 1582 1664 ᾗμετέροιν
1631 1580 1894 1665 ἀνέροιν.

415 1663 709 1747 ἀλλήλοιν
754 1665 934 1742 θείω,
979 1666 1082 1728 καὶ
1128 1665 1448 1750 ἀδελφιὸῶ
1493 1665 1808 1749 ἀλλήλοιϊν

500 1749 864 1835 ἀμφότεροι,
906 1751 1181 1834 νομίμων
1232 1750 1285 1813 δ’
1331 1750 1676 1832 ἐκγεγαῶτε
1720 1750 1955 1834 γάμων.

911 1921 1144 1981 Versus
1191 1920 1414 1981 Gallici
1457 1922 1520 1980 hi
1564 1928 1727 1981 sunt:

584 2005 715 2065 Nos
744 2007 846 2079 fils
887 2017 1020 2065 sont
1056 2026 1159 2066 nos
1190 2008 1310 2081 fils,

586 2092 798 2150 Frms
850 2102 906 2150 et
930 2092 1030 2166 fils
1072 2097 1111 2151 ὰ
1154 2112 1261 2152 nos
1300 2095 1496 2165 maris,

586 2175 745 2234 L'un
792 2180 831 2235 ὰ
878 2176 1087 2235 l'autre
1128 2179 1317 2236 oncles
1353 2188 1410 2236 et
1443 2195 1691 2254 nepveus
1705 2197 1730 2247 ,-

586 2261 747 2320 Naiz
786 2263 859 2319 de
899 2262 1059 2338 loyal
1101 2265 1363 2340 mar-Saye
1413 2272 1563 2322 τουτο
1608 2266 1776 2321 deux.

663 2506 948 2585 mmm
999 2507 1192 2586 svm
1247 2508 1555 2586 Seleetae
1604 2505 2022 2586 Sententiae.

546 2657 683 2717 Hos
725 2657 993 2718 Graecos
1035 2677 1254 2719 versus
1298 2658 1619 2718 effudimus
1642 2658 1871 2735 potius,
1901 2675 2086 2734 quam
2116 2675 2246 2714 me-

422 2742 595 2801 ditati
640 2760 874 2805 sumus:
918 2745 983 2804 id
1023 2744 1187 2820 quod
1229 2750 1289 2802 et
1326 2744 1642 2821 angustiae
1677 2743 1994 2821 temporis,
2027 2742 2248 2818 quibus

386 2852 392 2860 ’
423 2828 810 2904 scripsimus3
855 2837 916 2887 et
957 2830 1157 2903 amici,
1201 2829 1419 2904 quibus
1446 2828 1564 2889 nos
1586 2829 1779 2906 rogati
1808 2831 1920 2888 has
1952 2826 2250 2905 pauculas

421 2914 607 2973 horas
652 2913 1075 2989 imPendimus‚
1117 2914 1332 2973 testari
1371 2914 1627 2991 possint.
1671 2913 1756 2973 Ut
1797 2913 2085 2972 meliores
2127 2912 2256 2972 sint

422 3017 662 3073 versus,
703 3005 763 3057 et
807 3000 1053 3060 maioris
1098 2999 1205 3057 otii
1245 3017 1395 3074 opus
1436 3007 1551 3072 est,
1604 3006 1666 3056 et
1688 2999 1955 3058 melioris
1997 2996 2254 3076 ingenii.

421 3082 598 3143 Haeo
638 3091 837 3143 autem
865 3084 1190 3156 Publiana‚
1217 3085 1491 3159 quamvis
1514 3086 1672 3142 inter
1695 3103 1891 3164 nugas
1917 3081 2253 3142 theatrales

420 3168 666 3243 iactata,
707 3176 911 3228 tamen
949 3169 1090 3245 quid
1132 3176 1383 3243 rectum,
1411 3169 1555 3244 quid
1584 3169 1733 3227 utile
1770 3171 1870 3243 sit,
1913 3168 2090 3226 iuxta
2114 3167 2253 3227 Ho-

419 3253 664 3327 ratium,
715 3254 931 3317 melius
977 3252 1325 3332 Chrysippo
1368 3262 1430 3312 et
1470 3252 1763 3313 Crantore
1805 3255 2029 3313 dicunt.
2124 3252 2254 3311 Ita-

422 3356 540 3413 que
583 3357 888 3416 nunquam
927 3338 1071 3399 illos
1121 3339 1196 3397 de
1238 3339 1517 3398 manibus
1561 3339 1866 3417 deponant
1905 3358 2034 3397 non
2075 3335 2255 3416 pueri

423 3430 677 3499 tantum,
717 3425 827 3484 sed
866 3425 1046 3483 etiam
1089 3424 1430 3484 doctiores:
1468 3425 1627 3500 quod
1671 3424 1834 3484 idem
1864 3424 1942 3483 de
1964 3422 2253 3502 Dionysii

424 3505 673 3569 Catonis
716 3509 1011 3569 Distiehis
1055 3506 1279 3569 dietum
1317 3508 1497 3568 volo.
