2452 4186
1221 262 1302 323 98

351 431 581 489 Rumor
612 432 687 488 ab
736 449 955 490 occasu
1002 430 1154 488 caeli
1200 431 1434 490 delatus
1484 429 1561 486 ad
1600 438 1819 505 ortum,

353 515 447 573 Te
490 515 727 574 nescire
769 523 1005 589 vetans,
1050 516 1211 574 claro
1263 515 1426 590 quod
1466 514 1680 592 Belgia
1723 516 1964 590 planctu

351 598 609 659 Nesciri.
639 601 932 676 prohibet,
978 620 1091 658 nec
1134 619 1279 658 mox
1316 602 1561 674 Europa
1603 600 1824 658 silebit.

349 685 513 745 Nam
559 686 745 744 veluti
783 686 984 763 magni
1027 686 1207 744 Titan
1244 685 1348 742 fax
1389 685 1625 760 publica
1668 686 1874 743 mundi

350 769 498 829 Non
541 789 608 828 se
652 770 835 828 celari
879 771 1120 845 patitur,
1163 771 1417 843 visuque
1457 769 1657 828 notari

353 854 437 916 Se
482 854 679 926 docet,
723 855 976 914 infernis
1023 856 1119 913 vel
1165 873 1300 913 cum
1347 874 1456 912 sua
1499 854 1728 912 lumina
1770 856 1951 914 terris

351 939 651 1015 Explicat,
696 940 974 1015 opposita
1007 940 1105 997 vel
1145 958 1279 996 cum
1325 947 1505 1016 negat
1543 939 1650 996 illa
1694 958 1939 997 sorore:

353 1023 457 1084 Sic
498 1024 599 1098 qui
644 1024 778 1082 luce
820 1044 932 1083 sua
969 1043 1251 1102 magnum
1296 1025 1650 1100 complexus
1697 1024 2026 1100 Olympum

351 1109 426 1168 In
464 1128 532 1167 se
576 1109 851 1168 mirantis
895 1110 1061 1167 visus
1111 1109 1448 1167 adverterat
1488 1109 1676 1180 orbis,

350 1193 682 1269 Lipsiaden
724 1202 887 1253 tanto
930 1194 1198 1252 defectae
1246 1195 1378 1253 sole
1419 1194 1753 1269 requirunt,

353 1278 522 1354 Quas
565 1279 736 1339 vivus
775 1279 964 1337 nitido
1004 1279 1269 1355 perfudit
1300 1279 1527 1336 lumine
1570 1286 1804 1356 gentes,

352 1363 685 1438 Postquam
727 1365 847 1422 tale
888 1365 1063 1423 iubar
1102 1365 1361 1423 flammis
1400 1364 1641 1441 insigne
1678 1363 1949 1422 coruscis

350 1449 663 1507 Irradians
707 1458 975 1508 nostrum
1024 1450 1266 1524 scriptis
1305 1448 1642 1508 illustribus
1674 1467 1888 1506 aevum
1955 1456 1958 1459 ’

352 1534 649 1592 Maerenti
696 1535 917 1591 mundo
955 1540 1076 1592 nox
1115 1534 1435 1608 intercepit
1480 1535 1706 1592 oborta.

350 1616 492 1676 Non
538 1618 627 1676 sic
674 1620 930 1676 obscuro
974 1619 1292 1676 confundit
1335 1618 1561 1676 lumine
1605 1617 1819 1694 vulgus

348 1703 714 1762 Incumbens
760 1702 1024 1761 tenebris
1071 1703 1317 1762 excluso
1358 1703 1540 1761 Delia
1577 1703 1783 1774 fratre,

350 1787 435 1846 Ut
476 1806 635 1845 nunc
675 1788 905 1864 sopitas
955 1787 1239 1846 decorum
1286 1788 1555 1846 studiosa
1598 1788 1900 1859 iuventus,

349 1873 430 1931 Et
467 1873 633 1930 velut
677 1872 864 1932 elatas
908 1871 978 1950 ¹in
1014 1873 1212 1949 Lipsii
1255 1874 1466 1931 funere
1510 1873 1677 1948 luget

347 1957 588 2034 Ingenii
625 1977 791 2016 raras
838 1958 1072 2034 magnis
1119 1977 1252 2015 cum
1296 1958 1538 2016 dotibus
1578 1965 1758 2015 artes.

351 2041 473 2103 Sed
519 2061 627 2100 sua
677 2040 787 2102 Sol
831 2051 1092 2117 reparat,
1132 2052 1374 2118 reparat
1417 2041 1736 2118 dispendia
1778 2039 2062 2101 Phoebe:

345 2127 529 2185 Illum
570 2135 697 2185 tuta
741 2128 910 2202 quies
962 2129 1243 2186 reducem
1287 2149 1411 2187 non
1447 2135 1685 2187 asseret
1721 2126 1867 2184 orbi.

352 2211 498 2272 Sola
533 2212 646 2269 viri
689 2220 918 2269 tantum
965 2233 1089 2271 non
1124 2233 1246 2270 una
1289 2222 1458 2288 parte
1495 2203 1801 2288 superstes

347 2296 517 2381 Vixgit
560 2305 620 2354 et
652 2296 716 2354 in
763 2298 1002 2373 scriptis
1047 2299 1318 2357 absentis
1364 2298 1551 2373 spirat
1590 2297 1791 2373 imago

347 2383 724 2458 Expressam
761 2384 1032 2441 referens
1077 2384 1361 2459 speciem,
1404 2384 1640 2457 vivique
1680 2382 1960 2440 colorem.

347 2467 546 2541 thue
585 2476 822 2542 patrum
868 2468 1098 2527 similes
1146 2470 1344 2528 vultus
1390 2470 1452 2526 in
1502 2467 1670 2543 prole
1712 2465 2014 2536 relucent3

351 2550 454 2611 Sic
503 2553 688 2610 animi
726 2554 940 2612 niveos
988 2554 1223 2612 effinxit
1261 2555 1483 2631 pagina
1526 2570 1744 2610 mores.

345 2635 509 2694 Nam
557 2657 709 2711 quae
756 2656 967 2713 corpus
1012 2640 1176 2712 iners
1220 2640 1413 2697 bustis
1463 2637 1753 2695 feralibus
1798 2636 2002 2707 infert,

349 2720 658 2788 Terrenos
707 2722 898 2782 oculis
938 2717 1164 2780 tantum
1208 2743 1370 2781 mors
1409 2723 1637 2781 invidet
1681 2729 1866 2779 artus.

347 2807 430 2864 At
472 2824 612 2880 pars
654 2806 915 2864 nobilior
961 2808 1117 2864 natis
1167 2808 1521 2866 insaecula
1558 2806 1724 2863 mille

346 2891 658 2950 Asseritur
697 2890 893 2962 libris,
938 2910 1241 2967 parvaque
1285 2894 1347 2951 in
1393 2893 1655 2969 imagine
1699 2890 1863 2947 vivit.

348 2974 483 3048 Quo
528 2976 742 3052 magiS‚
789 2996 824 3033 o
870 2976 1064 3050 Lipsi,
1116 2978 1235 3036 sibi
1279 2986 1339 3036 te
1378 2998 1502 3037 non
1548 2977 1750 3033 credet
1789 2974 2096 3032 ademtum

344 3060 709 3140 Posteritas‚
759 3079 892 3118 cum
934 3069 994 3118 te
1024 3061 1144 3136 'per
1184 3071 1271 3121 tot
1306 3063 1681 3121 monimenta
1719 3061 2045 3137 vigentem,

346 3145 584 3220 Perque
621 3154 712 3204 tot
749 3145 967 3221 eloquii
1004 3147 1206 3207 foetus
1254 3149 1483 3224 spirare
1530 3146 1772 3204 videbit.

344 3228 466 3303 Qui
503 3232 786 3305 quoniam
830 3231 1076 3305 multos,
1134 3252 1288 3308 quos
1331 3232 1754 3290 immoderatus
1802 3229 2005 3306 adegit

349 3312 666 3374 Scribendi
707 3316 932 3389 fervor,
976 3316 1293 3393 laudisque
1340 3318 1533 3375 effusa
1581 3316 1819 3392 cupid0‚
1879 3373 1884 3378 .

344 3399 592 3459 Viribus
633 3402 859 3477 ingenii
898 3421 1169 3478 superas,
1210 3421 1519 3481 regnoque
1556 3400 1863 3476 loquendi,

343 3483 573 3543 Iccirco
616 3486 910 3560 quaedam
952 3488 1233 3547 caelestis
1279 3488 1539 3565 pignora
1586 3485 1804 3545 mentis
