2452 4186
1185 356 1226 415 8

379 537 528 597 Eius
571 531 857 611 exprimit
900 549 1023 588 ore.

228 634 229 637 ’
298 627 476 686 Hanc
516 620 691 679 nefas
739 617 871 677 sine
915 630 1195 690 compare

386 707 677 768 Solitaria
719 700 1018 760 caelibum

383 793 550 852 More
591 800 864 865 tempora
906 786 1145 853 ducere,

383 876 520 936 Nec
565 875 678 933 tori
718 875 904 943 bona,
949 888 1061 928 nec
1100 883 1240 925 mea

388 961 593 1021 Nosse
634 957 904 1036 praemia
943 962 1138 1014 natos.

301 1047 449 1107 Non
497 1046 587 1104 eis
631 1044 763 1116 tibi,
810 1061 934 1101 non
975 1041 1064 1098 eis

388 1131 555 1191 Nata
598 1129 726 1187 fflia
765 1127 1026 1204 legibus,

391 1217 479 1277 Ut
520 1215 678 1272 domi
726 1211 948 1272 sterilis
998 1209 1228 1269 sedens

398 1299 760 1377 carperetur
801 1295 1047 1354 inutiles

394 1386 583 1462 Virgo
628 1383 852 1441 nubilis
898 1397 1115 1438 annos.

311 1473 558 1548 Quaere
598 1469 700 1543 qui
741 1467 994 1545 propria
1029 1473 1197 1522 tuum

397 1555 634 1614 Fulciat
679 1553 837 1611 serie
881 1558 1094 1628 genus,

399 1640 491 1698 Te
540 1638 858 1714 nepotibus
898 1640 1140 1713 augeat-

401 1723 600 1798 Seque
643 1721 905 1783 sufficiat
940 1721 1072 1792 tibi,

404 1809 495 1867 Te
540 1808 740 1885 perire
784 1806 1060 1864 vetando·

317 1896 411 1954 En
453 1902 699 1970 paratus
744 1892 918 1950 adest
962 1890 1094 1964 tibi,

403 1979 561 2037 Vota
605 1979 707 2052 qui
747 1983 992 2053 superet
1036 1982 1140 2034 tua

402 2064 674 2123 Patrium
722 2063 1011 2121 decorans
1059 2061 1251 2120 solum

409 2149 674 2226 Gaspar,
720 2155 781 2205 et
826 2146 1054 2205 Frisios
1097 2165 1238 2207 suos

405 2235 592 2293 Flore
635 2232 833 2311 gentis
881 2232 1104 2291 avitae:

324 2319 552 2395 Qualis
590 2318 668 2375 ad
709 2318 964 2375 vitream
1010 2317 1236 2375 Thetin

411 2404 595 2462 Venit
632 2403 931 2461 Aeacides
978 2422 1172 2475 suam,

412 2488 625 2566 Nupta
655 2507 774 2563 qua
810 2488 1028 2563 cupido
1069 2488 1212 2545 data
1249 2493 1341 2545 est

413 2573 608 2632 Nocte
650 2573 885 2631 lucibus
936 2573 1223 2631 omnibus·

334 2687 338 2691 Α
416 2658 670 2735 Semper
713 2657 1128 2731 anteferenda,

327 2744 613 2805 Prodeat.
665 2761 859 2816 neque
903 2743 1061 2800 enim
1107 2760 1298 2800 mora.

417 2828 778 2904 Coniugalia
821 2828 1107 2886 suavibus

414 2914 655 2991 Pangat
702 2912 914 2972 oscula
959 2912 1170 2984 savii8‚

418 2998 819 3074 Brachiisque
859 2998 1174 3055 tenacibus

423 3082 595 3142 Colla
630 3082 865 3156 =vinciat
908 3084 1143 3141 Annae.

337 3168 540 3227 Verba
583 3188 659 3225 ne
698 3174 944 3225 careant
993 3167 1136 3238 fide,

428 3254 638 3325 Ocius,
678 3253 869 3328 pueri,
914 3252 1030 3309 huc
1068 3270 1181 3327 age

425 3337 758 3397 Convenite
795 3335 1147 3414 Cupidines.

427 3424 540 3497 Ite,
583 3423 818 3499 spicula
862 3421 1159 3497 stringite,

426 3508 724 3584 Expedite
765 3508 1101 3585 pharetras.

346 3593 490 3669 Qua
526 3592 729 3651 fidelia
778 3592 1028 3670 cuspide
