<?xml version="1.0" encoding="UTF-8"?>
<!DOCTYPE html PUBLIC "-//W3C//DTD XHTML 1.0 Transitional//EN"
    "http://www.w3.org/TR/xhtml1/DTD/xhtml1-transitional.dtd">
<html xmlns="http://www.w3.org/1999/xhtml" xml:lang="en" lang="en">
 <head>
  <title>
</title>
<meta http-equiv="Content-Type" content="text/html;charset=utf-8" />
  <meta name='ocr-system' content='tesseract 3.04.00' />
  <meta name='ocr-capabilities' content='ocr_page ocr_carea ocr_par ocr_line ocrx_word'/>
</head>
<body>
  <div class='ocr_page' id='page_1' title='image "./iosephiscaliger02scalgoog/iosephiscaliger02scalgoog_0085.png"; bbox 0 0 2452 4186; ppageno 0'>
   <div class='ocr_carea' id='block_1_1' title="bbox 1081 281 1163 341">
    <p class='ocr_par' dir='ltr' id='par_1_1' title="bbox 1081 281 1163 341">
     <span class='ocr_line' id='line_1_1' title="bbox 1081 281 1163 341; baseline -0.024 0"><span class='ocrx_word' id='word_1_1' title='bbox 1081 281 1163 341; x_wconf 83' lang='lat'>83</span> 
     </span>
    </p>
   </div>
   <div class='ocr_carea' id='block_1_2' title="bbox 971 364 1273 374">
    <p class='ocr_par' dir='ltr' id='par_1_2' title="bbox 971 364 1273 374">
     <span class='ocr_line' id='line_1_2' title="bbox 971 364 1273 374; baseline 0 3812"><span class='ocrx_word' id='word_1_2' title='bbox 971 364 1273 374; x_wconf 95' lang='lat' dir='ltr'> </span> 
     </span>
    </p>
   </div>
   <div class='ocr_carea' id='block_1_3' title="bbox 197 450 2024 3588">
    <p class='ocr_par' dir='ltr' id='par_1_3' title="bbox 202 450 1886 867">
     <span class='ocr_line' id='line_1_3' title="bbox 205 450 1886 528; baseline 0.001 -18"><span class='ocrx_word' id='word_1_3' title='bbox 205 450 471 511; x_wconf 83' lang='lat' dir='ltr'>Urbibus</span> <span class='ocrx_word' id='word_1_4' title='bbox 511 456 579 506; x_wconf 86' lang='lat' dir='ltr'>ut</span> <span class='ocrx_word' id='word_1_5' title='bbox 621 466 823 525; x_wconf 86' lang='lat' dir='ltr'>reges,</span> <span class='ocrx_word' id='word_1_6' title='bbox 873 450 961 507; x_wconf 90' lang='lat' dir='ltr'>sic</span> <span class='ocrx_word' id='word_1_7' title='bbox 1000 451 1245 528; x_wconf 85' lang='lat' dir='ltr'>regibus</span> <span class='ocrx_word' id='word_1_8' title='bbox 1287 452 1547 526; x_wconf 86' lang='lat' dir='ltr'>imperat</span> <span class='ocrx_word' id='word_1_9' title='bbox 1592 453 1886 526; x_wconf 87' lang='lat' dir='ltr'>Aequum.</span> 
     </span>
     <span class='ocr_line' id='line_1_4' title="bbox 206 533 1778 611; baseline 0.003 -19"><span class='ocrx_word' id='word_1_10' title='bbox 206 533 332 607; x_wconf 81' lang='lat' dir='ltr'>Quo</span> <span class='ocrx_word' id='word_1_11' title='bbox 381 534 582 611; x_wconf 85' lang='lat' dir='ltr'>magis</span> <span class='ocrx_word' id='word_1_12' title='bbox 629 534 766 605; x_wconf 90' lang='lat' dir='ltr'>has,</span> <span class='ocrx_word' id='word_1_13' title='bbox 811 534 1031 592; x_wconf 88' lang='lat' dir='ltr'>dilecte</span> <span class='ocrx_word' id='word_1_14' title='bbox 1073 555 1246 611; x_wconf 90' lang='lat' dir='ltr'>puer,</span> <span class='ocrx_word' id='word_1_15' title='bbox 1287 537 1574 595; x_wconf 79' lang='lat' dir='ltr'><strong>maturior</strong></span> <span class='ocrx_word' id='word_1_16' title='bbox 1614 545 1778 596; x_wconf 86' lang='lat' dir='ltr'>artes</span> 
     </span>
     <span class='ocr_line' id='line_1_5' title="bbox 203 618 1855 694; baseline 0.002 -17"><span class='ocrx_word' id='word_1_17' title='bbox 203 620 502 694; x_wconf 89' lang='lat' dir='ltr'>Praecipe</span> <span class='ocrx_word' id='word_1_18' title='bbox 551 618 727 676; x_wconf 88' lang='lat' dir='ltr'>corde</span> <span class='ocrx_word' id='word_1_19' title='bbox 771 618 993 693; x_wconf 89' lang='lat' dir='ltr'>libens,</span> <span class='ocrx_word' id='word_1_20' title='bbox 1044 629 1103 678; x_wconf 90' lang='lat' dir='ltr'>et</span> <span class='ocrx_word' id='word_1_21' title='bbox 1151 621 1298 679; x_wconf 87' lang='lat' dir='ltr'>totis</span> <span class='ocrx_word' id='word_1_22' title='bbox 1338 621 1621 680; x_wconf 80' lang='lat' dir='ltr'>sensibus</span> <span class='ocrx_word' id='word_1_23' title='bbox 1664 623 1855 680; x_wconf 82' lang='lat' dir='ltr'><strong>hauri.</strong></span> 
     </span>
     <span class='ocr_line' id='line_1_6' title="bbox 205 700 1860 781; baseline 0.001 -18"><span class='ocrx_word' id='word_1_24' title='bbox 205 705 476 781; x_wconf 85' lang='lat' dir='ltr'>Tempus</span> <span class='ocrx_word' id='word_1_25' title='bbox 521 704 655 775; x_wconf 90' lang='lat' dir='ltr'>erit,</span> <span class='ocrx_word' id='word_1_26' title='bbox 701 704 940 780; x_wconf 86' lang='lat' dir='ltr'>quando</span> <span class='ocrx_word' id='word_1_27' title='bbox 984 713 1089 762; x_wconf 89' lang='lat' dir='ltr'>tua</span> <span class='ocrx_word' id='word_1_28' title='bbox 1129 715 1187 762; x_wconf 90' lang='lat' dir='ltr'>te</span> <span class='ocrx_word' id='word_1_29' title='bbox 1236 700 1508 780; x_wconf 80' lang='lat' dir='ltr'>spectata</span> <span class='ocrx_word' id='word_1_30' title='bbox 1549 725 1660 781; x_wconf 92' lang='lat' dir='ltr'>per</span> <span class='ocrx_word' id='word_1_31' title='bbox 1702 703 1860 767; x_wconf 82' lang='lat' dir='ltr'>illas</span> 
     </span>
     <span class='ocr_line' id='line_1_7' title="bbox 202 788 1581 867; baseline 0 -18"><span class='ocrx_word' id='word_1_32' title='bbox 202 795 476 867; x_wconf 88' lang='lat' dir='ltr'>Augusto</span> <span class='ocrx_word' id='word_1_33' title='bbox 519 788 771 846; x_wconf 88' lang='lat' dir='ltr'>Patrum</span> <span class='ocrx_word' id='word_1_34' title='bbox 811 789 1003 848; x_wconf 83' lang='lat' dir='ltr'>virtus</span> <span class='ocrx_word' id='word_1_35' title='bbox 1050 791 1312 849; x_wconf 86' lang='lat' dir='ltr'>asciscet</span> <span class='ocrx_word' id='word_1_36' title='bbox 1356 791 1581 849; x_wconf 81' lang='lat' dir='ltr'>honori.</span> 
     </span>
    </p>

    <p class='ocr_par' dir='ltr' id='par_1_4' title="bbox 200 873 1935 1547">
     <span class='ocr_line' id='line_1_8' title="bbox 202 873 1793 952; baseline 0.001 -20"><span class='ocrx_word' id='word_1_37' title='bbox 202 874 483 932; x_wconf 79' lang='lat' dir='ltr'><strong>Dixerat.</strong></span> <span class='ocrx_word' id='word_1_38' title='bbox 535 873 862 948; x_wconf 83' lang='lat' dir='ltr'>Obsequiis</span> <span class='ocrx_word' id='word_1_39' title='bbox 907 894 1160 950; x_wconf 87' lang='lat' dir='ltr'>puerum</span> <span class='ocrx_word' id='word_1_40' title='bbox 1209 875 1537 934; x_wconf 85' lang='lat' dir='ltr'>maioribus</span> <span class='ocrx_word' id='word_1_41' title='bbox 1584 885 1793 952; x_wconf 86' lang='lat' dir='ltr'>aptum</span> 
     </span>
     <span class='ocr_line' id='line_1_9' title="bbox 201 958 1909 1037; baseline 0.002 -19"><span class='ocrx_word' id='word_1_42' title='bbox 201 961 454 1035; x_wconf 83' lang='lat' dir='ltr'><strong>Excipit</strong></span> <span class='ocrx_word' id='word_1_43' title='bbox 498 959 661 1015; x_wconf 89' lang='lat' dir='ltr'>alma</span> <span class='ocrx_word' id='word_1_44' title='bbox 705 958 979 1032; x_wconf 81' lang='lat' dir='ltr'>Themis,</span> <span class='ocrx_word' id='word_1_45' title='bbox 1025 961 1263 1037; x_wconf 87' lang='lat' dir='ltr'>magnis</span> <span class='ocrx_word' id='word_1_46' title='bbox 1310 969 1368 1017; x_wconf 91' lang='lat' dir='ltr'>et</span> <span class='ocrx_word' id='word_1_47' title='bbox 1411 960 1678 1019; x_wconf 87' lang='lat' dir='ltr'>destinat</span> <span class='ocrx_word' id='word_1_48' title='bbox 1723 963 1909 1032; x_wconf 80' lang='lat' dir='ltr'>actis:</span> 
     </span>
     <span class='ocr_line' id='line_1_10' title="bbox 203 1043 1736 1121; baseline -0.001 -15"><span class='ocrx_word' id='word_1_49' title='bbox 203 1043 396 1106; x_wconf 88' lang='lat' dir='ltr'>Sacra</span> <span class='ocrx_word' id='word_1_50' title='bbox 438 1044 633 1115; x_wconf 91' lang='lat' dir='ltr'>docet,</span> <span class='ocrx_word' id='word_1_51' title='bbox 679 1044 881 1121; x_wconf 87' lang='lat' dir='ltr'>legum</span> <span class='ocrx_word' id='word_1_52' title='bbox 924 1045 1185 1116; x_wconf 88' lang='lat' dir='ltr'>tabulas,</span> <span class='ocrx_word' id='word_1_53' title='bbox 1231 1053 1290 1102; x_wconf 92' lang='lat' dir='ltr'>et</span> <span class='ocrx_word' id='word_1_54' title='bbox 1327 1047 1567 1104; x_wconf 89' lang='lat' dir='ltr'>condita</span> <span class='ocrx_word' id='word_1_55' title='bbox 1601 1047 1736 1105; x_wconf 87' lang='lat' dir='ltr'>iura</span> 
     </span>
     <span class='ocr_line' id='line_1_11' title="bbox 200 1130 1907 1208; baseline 0.001 -20"><span class='ocrx_word' id='word_1_56' title='bbox 200 1132 530 1201; x_wconf 81' lang='lat' dir='ltr'>Monstrat,</span> <span class='ocrx_word' id='word_1_57' title='bbox 576 1137 635 1186; x_wconf 88' lang='lat' dir='ltr'>et</span> <span class='ocrx_word' id='word_1_58' title='bbox 676 1130 972 1188; x_wconf 86' lang='lat' dir='ltr'>instructo</span> <span class='ocrx_word' id='word_1_59' title='bbox 1013 1131 1135 1187; x_wconf 87' lang='lat' dir='ltr'>iam</span> <span class='ocrx_word' id='word_1_60' title='bbox 1184 1130 1378 1187; x_wconf 85' lang='lat' dir='ltr'>civica</span> <span class='ocrx_word' id='word_1_61' title='bbox 1419 1132 1678 1208; x_wconf 85' lang='lat' dir='ltr'>porrigit</span> <span class='ocrx_word' id='word_1_62' title='bbox 1720 1151 1907 1190; x_wconf 87' lang='lat' dir='ltr'>arma.</span> 
     </span>
     <span class='ocr_line' id='line_1_12' title="bbox 200 1215 1935 1292; baseline 0.001 -19"><span class='ocrx_word' id='word_1_63' title='bbox 200 1216 314 1273; x_wconf 86' lang='lat' dir='ltr'>Est</span> <span class='ocrx_word' id='word_1_64' title='bbox 355 1215 559 1289; x_wconf 89' lang='lat' dir='ltr'>locus,</span> <span class='ocrx_word' id='word_1_65' title='bbox 603 1215 938 1272; x_wconf 85' lang='lat' dir='ltr'>austrinum</span> <span class='ocrx_word' id='word_1_66' title='bbox 983 1233 1101 1289; x_wconf 87' lang='lat' dir='ltr'>qua</span> <span class='ocrx_word' id='word_1_67' title='bbox 1140 1234 1367 1290; x_wconf 88' lang='lat' dir='ltr'>pronus</span> <span class='ocrx_word' id='word_1_68' title='bbox 1405 1217 1614 1292; x_wconf 85' lang='lat' dir='ltr'>vergit</span> <span class='ocrx_word' id='word_1_69' title='bbox 1651 1216 1712 1273; x_wconf 90' lang='lat' dir='ltr'>in</span> <span class='ocrx_word' id='word_1_70' title='bbox 1757 1236 1935 1274; x_wconf 83' lang='lat' dir='ltr'>axem</span> 
     </span>
     <span class='ocr_line' id='line_1_13' title="bbox 203 1298 1915 1376; baseline 0 -17"><span class='ocrx_word' id='word_1_71' title='bbox 203 1299 495 1376; x_wconf 84' lang='lat' dir='ltr'>Signifer,</span> <span class='ocrx_word' id='word_1_72' title='bbox 544 1306 603 1356; x_wconf 89' lang='lat' dir='ltr'>et</span> <span class='ocrx_word' id='word_1_73' title='bbox 648 1309 858 1358; x_wconf 89' lang='lat' dir='ltr'>noctes</span> <span class='ocrx_word' id='word_1_74' title='bbox 909 1298 1135 1358; x_wconf 86' lang='lat' dir='ltr'>Chelae</span> <span class='ocrx_word' id='word_1_75' title='bbox 1179 1318 1312 1357; x_wconf 89' lang='lat' dir='ltr'>cum</span> <span class='ocrx_word' id='word_1_76' title='bbox 1357 1300 1593 1358; x_wconf 90' lang='lat' dir='ltr'>lucibus</span> <span class='ocrx_word' id='word_1_77' title='bbox 1635 1310 1915 1374; x_wconf 86' lang='lat' dir='ltr'>aequant.</span> 
     </span>
     <span class='ocr_line' id='line_1_14' title="bbox 201 1382 1896 1460; baseline 0.001 -18"><span class='ocrx_word' id='word_1_78' title='bbox 201 1384 323 1442; x_wconf 93' lang='lat' dir='ltr'>Hic</span> <span class='ocrx_word' id='word_1_79' title='bbox 363 1385 505 1456; x_wconf 90' lang='lat' dir='ltr'>sibi,</span> <span class='ocrx_word' id='word_1_80' title='bbox 548 1385 687 1441; x_wconf 91' lang='lat' dir='ltr'>dum</span> <span class='ocrx_word' id='word_1_81' title='bbox 730 1385 966 1460; x_wconf 85' lang='lat' dir='ltr'>priscas</span> <span class='ocrx_word' id='word_1_82' title='bbox 1015 1402 1208 1443; x_wconf 85' lang='lat' dir='ltr'>exosa</span> <span class='ocrx_word' id='word_1_83' title='bbox 1244 1383 1616 1459; x_wconf 89' lang='lat' dir='ltr'>relinqueret</span> <span class='ocrx_word' id='word_1_84' title='bbox 1653 1387 1859 1458; x_wconf 75' lang='lat' dir='ltr'>urbeS,</span> <span class='ocrx_word' id='word_1_85' title='bbox 1891 1382 1896 1385; x_wconf 16' lang='grc' dir='ltr'><strong>Δ</strong></span> 
     </span>
     <span class='ocr_line' id='line_1_15' title="bbox 202 1469 1733 1547; baseline -0.001 -18"><span class='ocrx_word' id='word_1_86' title='bbox 202 1469 620 1546; x_wconf 86' lang='lat' dir='ltr'>Conspicuum</span> <span class='ocrx_word' id='word_1_87' title='bbox 664 1470 876 1545; x_wconf 84' lang='lat' dir='ltr'>posuit</span> <span class='ocrx_word' id='word_1_88' title='bbox 914 1470 1105 1547; x_wconf 87' lang='lat' dir='ltr'>signis</span> <span class='ocrx_word' id='word_1_89' title='bbox 1144 1472 1408 1528; x_wconf 86' lang='lat' dir='ltr'>Astraea</span> <span class='ocrx_word' id='word_1_90' title='bbox 1447 1470 1733 1543; x_wconf 87' lang='lat' dir='ltr'>tribunal,</span> 
     </span>
    </p>

    <p class='ocr_par' dir='ltr' id='par_1_5' title="bbox 198 1554 2010 1789">
     <span class='ocr_line' id='line_1_16' title="bbox 200 1554 2010 1630; baseline 0 -17"><span class='ocrx_word' id='word_1_91' title='bbox 200 1554 382 1614; x_wconf 90' lang='lat' dir='ltr'>Unde</span> <span class='ocrx_word' id='word_1_92' title='bbox 435 1573 612 1612; x_wconf 90' lang='lat' dir='ltr'>sacro</span> <span class='ocrx_word' id='word_1_93' title='bbox 660 1562 844 1611; x_wconf 89' lang='lat' dir='ltr'>totum</span> <span class='ocrx_word' id='word_1_94' title='bbox 897 1555 1311 1613; x_wconf 84' lang='lat' dir='ltr'>moderamine</span> <span class='ocrx_word' id='word_1_95' title='bbox 1354 1563 1652 1630; x_wconf 86' lang='lat' dir='ltr'>temperat</span> <span class='ocrx_word' id='word_1_96' title='bbox 1693 1557 1922 1630; x_wconf 89' lang='lat' dir='ltr'>orbem,</span> <span class='ocrx_word' id='word_1_97' title='bbox 2005 1588 2010 1595; x_wconf 92' lang='lat'><strong>·</strong></span> 
     </span>
     <span class='ocr_line' id='line_1_17' title="bbox 199 1639 1877 1716; baseline 0.001 -18"><span class='ocrx_word' id='word_1_98' title='bbox 199 1642 282 1699; x_wconf 89' lang='lat' dir='ltr'>Et</span> <span class='ocrx_word' id='word_1_99' title='bbox 327 1640 574 1716; x_wconf 86' lang='lat' dir='ltr'>stringit</span> <span class='ocrx_word' id='word_1_100' title='bbox 618 1639 916 1697; x_wconf 88' lang='lat' dir='ltr'>scelerum</span> <span class='ocrx_word' id='word_1_101' title='bbox 961 1640 1183 1697; x_wconf 85' lang='lat' dir='ltr'>vindex</span> <span class='ocrx_word' id='word_1_102' title='bbox 1228 1640 1289 1696; x_wconf 90' lang='lat' dir='ltr'>in</span> <span class='ocrx_word' id='word_1_103' title='bbox 1344 1640 1597 1697; x_wconf 89' lang='lat' dir='ltr'>crimina</span> <span class='ocrx_word' id='word_1_104' title='bbox 1635 1661 1877 1700; x_wconf 88' lang='lat' dir='ltr'>numen.</span> 
     </span>
     <span class='ocr_line' id='line_1_18' title="bbox 198 1725 1540 1789; baseline 0 -7"><span class='ocrx_word' id='word_1_105' title='bbox 198 1725 325 1783; x_wconf 92' lang='lat' dir='ltr'>Hic</span> <span class='ocrx_word' id='word_1_106' title='bbox 362 1725 560 1782; x_wconf 87' lang='lat' dir='ltr'>incisa</span> <span class='ocrx_word' id='word_1_107' title='bbox 600 1725 762 1782; x_wconf 89' lang='lat' dir='ltr'>notis</span> <span class='ocrx_word' id='word_1_108' title='bbox 807 1725 1010 1782; x_wconf 90' lang='lat' dir='ltr'>media</span> <span class='ocrx_word' id='word_1_109' title='bbox 1049 1726 1356 1789; x_wconf 79' lang='lat' dir='ltr'>testudine</span> <span class='ocrx_word' id='word_1_110' title='bbox 1395 1725 1540 1783; x_wconf 90' lang='lat' dir='ltr'>tecti</span> 
     </span>
    </p>

    <p class='ocr_par' dir='ltr' id='par_1_6' title="bbox 197 1810 1869 2052">
     <span class='ocr_line' id='line_1_19' title="bbox 198 1810 1869 1887; baseline -0.001 -17"><span class='ocrx_word' id='word_1_111' title='bbox 198 1813 401 1884; x_wconf 86' lang='lat' dir='ltr'>Atque</span> <span class='ocrx_word' id='word_1_112' title='bbox 442 1829 584 1866; x_wconf 87' lang='lat' dir='ltr'>aere</span> <span class='ocrx_word' id='word_1_113' title='bbox 629 1828 708 1867; x_wconf 88' lang='lat' dir='ltr'>ex</span> <span class='ocrx_word' id='word_1_114' title='bbox 757 1810 953 1868; x_wconf 88' lang='lat' dir='ltr'>solido</span> <span class='ocrx_word' id='word_1_115' title='bbox 1000 1810 1202 1887; x_wconf 88' lang='lat' dir='ltr'>legum</span> <span class='ocrx_word' id='word_1_116' title='bbox 1245 1810 1546 1868; x_wconf 86' lang='lat' dir='ltr'>tabularia</span> <span class='ocrx_word' id='word_1_117' title='bbox 1583 1811 1869 1886; x_wconf 86' lang='lat' dir='ltr'>pendent.</span> 
     </span>
     <span class='ocr_line' id='line_1_20' title="bbox 199 1893 1733 1969; baseline 0 -15"><span class='ocrx_word' id='word_1_118' title='bbox 199 1896 379 1954; x_wconf 85' lang='lat' dir='ltr'>Atria</span> <span class='ocrx_word' id='word_1_119' title='bbox 421 1895 589 1952; x_wconf 88' lang='lat' dir='ltr'>clara</span> <span class='ocrx_word' id='word_1_120' title='bbox 632 1893 841 1952; x_wconf 89' lang='lat' dir='ltr'>domus</span> <span class='ocrx_word' id='word_1_121' title='bbox 889 1895 1105 1952; x_wconf 86' lang='lat' dir='ltr'>dextra</span> <span class='ocrx_word' id='word_1_122' title='bbox 1147 1895 1442 1969; x_wconf 86' lang='lat' dir='ltr'>laevaque</span> <span class='ocrx_word' id='word_1_123' title='bbox 1493 1904 1733 1954; x_wconf 89' lang='lat' dir='ltr'>tuentur</span> 
     </span>
     <span class='ocr_line' id='line_1_21' title="bbox 197 1979 1638 2052; baseline -0.001 -13"><span class='ocrx_word' id='word_1_124' title='bbox 197 1979 440 2039; x_wconf 79' lang='lat' dir='ltr'>Felices</span> <span class='ocrx_word' id='word_1_125' title='bbox 485 1980 747 2052; x_wconf 83' lang='lat' dir='ltr'>animae,</span> <span class='ocrx_word' id='word_1_126' title='bbox 796 1980 967 2037; x_wconf 89' lang='lat' dir='ltr'>caelo</span> <span class='ocrx_word' id='word_1_127' title='bbox 1014 1988 1254 2038; x_wconf 89' lang='lat' dir='ltr'>sacrata</span> <span class='ocrx_word' id='word_1_128' title='bbox 1294 1980 1554 2037; x_wconf 83' lang='lat' dir='ltr'>virorum</span> <span class='ocrx_word' id='word_1_129' title='bbox 1635 1998 1638 1999; x_wconf 46' lang='lat'><em>⁷</em></span> 
     </span>
    </p>

    <p class='ocr_par' dir='ltr' id='par_1_7' title="bbox 198 2065 1800 2228">
     <span class='ocr_line' id='line_1_22' title="bbox 198 2065 1800 2142; baseline 0 -17"><span class='ocrx_word' id='word_1_130' title='bbox 198 2065 497 2138; x_wconf 82' lang='lat' dir='ltr'>Nomina,</span> <span class='ocrx_word' id='word_1_131' title='bbox 545 2065 833 2141; x_wconf 87' lang='lat' dir='ltr'>purpurei</span> <span class='ocrx_word' id='word_1_132' title='bbox 874 2073 1020 2142; x_wconf 87' lang='lat' dir='ltr'>toga</span> <span class='ocrx_word' id='word_1_133' title='bbox 1065 2085 1212 2141; x_wconf 87' lang='lat' dir='ltr'>quos</span> <span class='ocrx_word' id='word_1_134' title='bbox 1257 2065 1482 2124; x_wconf 85' lang='lat' dir='ltr'>velavit</span> <span class='ocrx_word' id='word_1_135' title='bbox 1525 2066 1800 2125; x_wconf 86' lang='lat' dir='ltr'>honoris:</span> 
     </span>
     <span class='ocr_line' id='line_1_23' title="bbox 201 2150 1722 2228; baseline 0.001 -20"><span class='ocrx_word' id='word_1_136' title='bbox 201 2150 468 2225; x_wconf 84' lang='lat' dir='ltr'>Quorum</span> <span class='ocrx_word' id='word_1_137' title='bbox 516 2151 787 2209; x_wconf 89' lang='lat' dir='ltr'>consiliis</span> <span class='ocrx_word' id='word_1_138' title='bbox 835 2159 1031 2208; x_wconf 87' lang='lat' dir='ltr'>tutata</span> <span class='ocrx_word' id='word_1_139' title='bbox 1076 2161 1170 2209; x_wconf 91' lang='lat' dir='ltr'>est</span> <span class='ocrx_word' id='word_1_140' title='bbox 1215 2150 1400 2210; x_wconf 87' lang='lat' dir='ltr'>Curia</span> <span class='ocrx_word' id='word_1_141' title='bbox 1440 2170 1722 2228; x_wconf 79' lang='lat' dir='ltr'>regnum:</span> 
     </span>
    </p>

    <p class='ocr_par' dir='ltr' id='par_1_8' title="bbox 202 2235 1652 2379">
     <span class='ocr_line' id='line_1_24' title="bbox 203 2235 1652 2314; baseline 0.001 -21"><span class='ocrx_word' id='word_1_142' title='bbox 203 2235 370 2309; x_wconf 82' lang='lat' dir='ltr'>Quos</span> <span class='ocrx_word' id='word_1_143' title='bbox 420 2256 537 2293; x_wconf 90' lang='lat' dir='ltr'>non</span> <span class='ocrx_word' id='word_1_144' title='bbox 579 2236 672 2294; x_wconf 85' lang='lat' dir='ltr'>vis</span> <span class='ocrx_word' id='word_1_145' title='bbox 721 2235 867 2308; x_wconf 92' lang='lat' dir='ltr'>odii,</span> <span class='ocrx_word' id='word_1_146' title='bbox 914 2256 1032 2294; x_wconf 89' lang='lat' dir='ltr'>non</span> <span class='ocrx_word' id='word_1_147' title='bbox 1073 2236 1235 2294; x_wconf 83' lang='lat' dir='ltr'>illice</span> <span class='ocrx_word' id='word_1_148' title='bbox 1279 2236 1475 2314; x_wconf 84' lang='lat' dir='ltr'>gratia</span> <span class='ocrx_word' id='word_1_149' title='bbox 1516 2237 1652 2294; x_wconf 88' lang='lat' dir='ltr'>fuco</span> 
     </span>
     <span class='ocr_line' id='line_1_25' title="bbox 202 2320 1620 2379; baseline 0 -2"><span class='ocrx_word' id='word_1_150' title='bbox 202 2320 576 2378; x_wconf 86' lang='lat' dir='ltr'>Incolumem</span> <span class='ocrx_word' id='word_1_151' title='bbox 619 2321 764 2378; x_wconf 84' lang='lat' dir='ltr'>iusti</span> <span class='ocrx_word' id='word_1_152' title='bbox 810 2321 1000 2378; x_wconf 85' lang='lat' dir='ltr'>vetuit</span> <span class='ocrx_word' id='word_1_153' title='bbox 1039 2340 1285 2379; x_wconf 89' lang='lat' dir='ltr'>servare</span> <span class='ocrx_word' id='word_1_154' title='bbox 1333 2330 1620 2378; x_wconf 86' lang='lat' dir='ltr'>tenorem.</span> 
     </span>
    </p>

    <p class='ocr_par' dir='ltr' id='par_1_9' title="bbox 200 2404 1780 2482">
     <span class='ocr_line' id='line_1_26' title="bbox 200 2404 1780 2482; baseline -0.002 -19"><span class='ocrx_word' id='word_1_155' title='bbox 200 2405 338 2464; x_wconf 89' lang='lat' dir='ltr'>Hos</span> <span class='ocrx_word' id='word_1_156' title='bbox 383 2405 524 2463; x_wconf 91' lang='lat' dir='ltr'>Dea</span> <span class='ocrx_word' id='word_1_157' title='bbox 565 2425 678 2481; x_wconf 92' lang='lat' dir='ltr'>pro</span> <span class='ocrx_word' id='word_1_158' title='bbox 726 2406 960 2464; x_wconf 88' lang='lat' dir='ltr'>meritis</span> <span class='ocrx_word' id='word_1_159' title='bbox 1007 2406 1070 2462; x_wconf 92' lang='lat' dir='ltr'>in</span> <span class='ocrx_word' id='word_1_160' title='bbox 1122 2406 1281 2465; x_wconf 90' lang='lat' dir='ltr'>coeli</span> <span class='ocrx_word' id='word_1_161' title='bbox 1324 2415 1496 2482; x_wconf 92' lang='lat' dir='ltr'>parte</span> <span class='ocrx_word' id='word_1_162' title='bbox 1535 2404 1780 2463; x_wconf 86' lang='lat' dir='ltr'>locavit.</span> 
     </span>
    </p>

    <p class='ocr_par' dir='ltr' id='par_1_10' title="bbox 200 2489 2024 3331">
     <span class='ocr_line' id='line_1_27' title="bbox 201 2489 2020 2566; baseline -0.002 -18"><span class='ocrx_word' id='word_1_163' title='bbox 201 2491 374 2548; x_wconf 86' lang='lat' dir='ltr'>Inter</span> <span class='ocrx_word' id='word_1_164' title='bbox 415 2507 589 2566; x_wconf 88' lang='lat' dir='ltr'>quos,</span> <span class='ocrx_word' id='word_1_165' title='bbox 636 2490 803 2547; x_wconf 90' lang='lat' dir='ltr'>celsa</span> <span class='ocrx_word' id='word_1_166' title='bbox 840 2490 1179 2548; x_wconf 88' lang='lat' dir='ltr'>Puteanum</span> <span class='ocrx_word' id='word_1_167' title='bbox 1217 2500 1283 2548; x_wconf 92' lang='lat' dir='ltr'>ut</span> <span class='ocrx_word' id='word_1_168' title='bbox 1326 2491 1476 2549; x_wconf 86' lang='lat' dir='ltr'>vidit</span> <span class='ocrx_word' id='word_1_169' title='bbox 1517 2491 1593 2547; x_wconf 83' lang='lat' dir='ltr'>ab</span> <span class='ocrx_word' id='word_1_170' title='bbox 1638 2489 1891 2560; x_wconf 85' lang='lat' dir='ltr'>Aethra,</span> <span class='ocrx_word' id='word_1_171' title='bbox 1961 2525 1962 2528; x_wconf 58' lang='lat'><em>=</em></span> <span class='ocrx_word' id='word_1_172' title='bbox 2019 2525 2020 2528; x_wconf 58' lang='lat'><em>=</em></span> 
     </span>
     <span class='ocr_line' id='line_1_28' title="bbox 200 2573 2012 2652; baseline -0.001 -19"><span class='ocrx_word' id='word_1_173' title='bbox 200 2575 584 2652; x_wconf 84' lang='lat' dir='ltr'>Praecipuae</span> <span class='ocrx_word' id='word_1_174' title='bbox 630 2576 795 2634; x_wconf 90' lang='lat' dir='ltr'>sedis</span> <span class='ocrx_word' id='word_1_175' title='bbox 840 2576 981 2634; x_wconf 89' lang='lat' dir='ltr'>loca</span> <span class='ocrx_word' id='word_1_176' title='bbox 1023 2576 1246 2652; x_wconf 85' lang='lat' dir='ltr'>deligit.</span> <span class='ocrx_word' id='word_1_177' title='bbox 1296 2575 1477 2633; x_wconf 88' lang='lat' dir='ltr'>Hunc</span> <span class='ocrx_word' id='word_1_178' title='bbox 1525 2592 1786 2649; x_wconf 87' lang='lat' dir='ltr'>quoque,</span> <span class='ocrx_word' id='word_1_179' title='bbox 1834 2573 2012 2646; x_wconf 83' lang='lat' dir='ltr'>dixit,</span> 
     </span>
     <span class='ocr_line' id='line_1_29' title="bbox 204 2657 2024 2737; baseline 0 -20"><span class='ocrx_word' id='word_1_180' title='bbox 204 2661 338 2719; x_wconf 86' lang='lat' dir='ltr'>Ista</span> <span class='ocrx_word' id='word_1_181' title='bbox 370 2669 580 2717; x_wconf 89' lang='lat' dir='ltr'>manet</span> <span class='ocrx_word' id='word_1_182' title='bbox 616 2661 818 2732; x_wconf 88' lang='lat' dir='ltr'>sedes,</span> <span class='ocrx_word' id='word_1_183' title='bbox 855 2668 1183 2737; x_wconf 86' lang='lat' dir='ltr'>postquam</span> <span class='ocrx_word' id='word_1_184' title='bbox 1226 2657 1554 2737; x_wconf 81' lang='lat' dir='ltr'>perfecerit</span> <span class='ocrx_word' id='word_1_185' title='bbox 1597 2677 1835 2731; x_wconf 72' lang='lat' dir='ltr'>omneS,</span> <span class='ocrx_word' id='word_1_186' title='bbox 2017 2663 2024 2672; x_wconf 87' lang='lat'>&#39;</span> 
     </span>
     <span class='ocr_line' id='line_1_30' title="bbox 206 2745 1811 2820; baseline 0 -17"><span class='ocrx_word' id='word_1_187' title='bbox 206 2746 377 2820; x_wconf 85' lang='lat' dir='ltr'>Quos</span> <span class='ocrx_word' id='word_1_188' title='bbox 425 2746 566 2803; x_wconf 88' lang='lat' dir='ltr'>fatis</span> <span class='ocrx_word' id='word_1_189' title='bbox 618 2746 816 2817; x_wconf 79' lang='lat' dir='ltr'>debet,</span> <span class='ocrx_word' id='word_1_190' title='bbox 862 2766 986 2803; x_wconf 91' lang='lat' dir='ltr'>non</span> <span class='ocrx_word' id='word_1_191' title='bbox 1031 2765 1179 2820; x_wconf 88' lang='lat' dir='ltr'>quos</span> <span class='ocrx_word' id='word_1_192' title='bbox 1225 2745 1553 2816; x_wconf 79' lang='lat' dir='ltr'>natalibuS,</span> <span class='ocrx_word' id='word_1_193' title='bbox 1603 2763 1811 2803; x_wconf 89' lang='lat' dir='ltr'>annos.</span> 
     </span>
     <span class='ocr_line' id='line_1_31' title="bbox 205 2830 1910 2908; baseline -0.001 -19"><span class='ocrx_word' id='word_1_194' title='bbox 205 2834 405 2905; x_wconf 80' lang='lat' dir='ltr'>Atque</span> <span class='ocrx_word' id='word_1_195' title='bbox 452 2831 683 2888; x_wconf 87' lang='lat' dir='ltr'>utinam</span> <span class='ocrx_word' id='word_1_196' title='bbox 730 2839 949 2906; x_wconf 88' lang='lat' dir='ltr'>posset</span> <span class='ocrx_word' id='word_1_197' title='bbox 991 2832 1342 2908; x_wconf 83' lang='lat' dir='ltr'>contingere</span> <span class='ocrx_word' id='word_1_198' title='bbox 1388 2830 1630 2907; x_wconf 85' lang='lat' dir='ltr'>longius</span> <span class='ocrx_word' id='word_1_199' title='bbox 1673 2847 1910 2903; x_wconf 85' lang='lat' dir='ltr'>aevum,</span> 
     </span>
     <span class='ocr_line' id='line_1_32' title="bbox 203 2916 1848 2991; baseline 0 -18"><span class='ocrx_word' id='word_1_200' title='bbox 203 2917 286 2973; x_wconf 88' lang='lat' dir='ltr'>Et</span> <span class='ocrx_word' id='word_1_201' title='bbox 323 2925 556 2973; x_wconf 87' lang='lat' dir='ltr'>tantum</span> <span class='ocrx_word' id='word_1_202' title='bbox 605 2916 782 2987; x_wconf 87' lang='lat' dir='ltr'>vitae,</span> <span class='ocrx_word' id='word_1_203' title='bbox 827 2924 1115 2990; x_wconf 85' lang='lat' dir='ltr'>quantum</span> <span class='ocrx_word' id='word_1_204' title='bbox 1160 2916 1530 2991; x_wconf 86' lang='lat' dir='ltr'>splendoris,</span> <span class='ocrx_word' id='word_1_205' title='bbox 1580 2917 1848 2973; x_wconf 87' lang='lat' dir='ltr'>haberet.</span> 
     </span>
     <span class='ocr_line' id='line_1_33' title="bbox 204 3000 1663 3078; baseline -0.001 -20"><span class='ocrx_word' id='word_1_206' title='bbox 204 3000 347 3059; x_wconf 86' lang='lat' dir='ltr'>Diis</span> <span class='ocrx_word' id='word_1_207' title='bbox 391 3001 567 3059; x_wconf 87' lang='lat' dir='ltr'>aliter</span> <span class='ocrx_word' id='word_1_208' title='bbox 610 3000 827 3073; x_wconf 85' lang='lat' dir='ltr'>visum,</span> <span class='ocrx_word' id='word_1_209' title='bbox 875 3001 1037 3059; x_wconf 80' lang='lat' dir='ltr'>vitiis</span> <span class='ocrx_word' id='word_1_210' title='bbox 1074 3002 1186 3075; x_wconf 80' lang='lat' dir='ltr'>‘qui</span> <span class='ocrx_word' id='word_1_211' title='bbox 1229 3002 1427 3078; x_wconf 88' lang='lat' dir='ltr'>gentis</span> <span class='ocrx_word' id='word_1_212' title='bbox 1469 3001 1663 3074; x_wconf 89' lang='lat' dir='ltr'>iniqui</span> 
     </span>
     <span class='ocr_line' id='line_1_34' title="bbox 206 3085 1858 3162; baseline -0.001 -19"><span class='ocrx_word' id='word_1_213' title='bbox 206 3085 553 3158; x_wconf 89' lang='lat' dir='ltr'>Humanae,</span> <span class='ocrx_word' id='word_1_214' title='bbox 604 3094 847 3143; x_wconf 89' lang='lat' dir='ltr'>sanctas</span> <span class='ocrx_word' id='word_1_215' title='bbox 894 3087 1129 3144; x_wconf 83' lang='lat' dir='ltr'>animas</span> <span class='ocrx_word' id='word_1_216' title='bbox 1177 3086 1250 3142; x_wconf 91' lang='lat' dir='ltr'>de</span> <span class='ocrx_word' id='word_1_217' title='bbox 1293 3105 1545 3162; x_wconf 90' lang='lat' dir='ltr'>corpore</span> <span class='ocrx_word' id='word_1_218' title='bbox 1592 3085 1858 3157; x_wconf 82' lang='lat' dir='ltr'>solvunt,</span> 
     </span>
     <span class='ocr_line' id='line_1_35' title="bbox 205 3170 1984 3246; baseline -0.002 -16"><span class='ocrx_word' id='word_1_219' title='bbox 205 3170 410 3245; x_wconf 90' lang='lat' dir='ltr'>thue</span> <span class='ocrx_word' id='word_1_220' title='bbox 453 3171 645 3229; x_wconf 87' lang='lat' dir='ltr'>malos</span> <span class='ocrx_word' id='word_1_221' title='bbox 692 3170 1007 3243; x_wconf 87' lang='lat' dir='ltr'>mulctent,</span> <span class='ocrx_word' id='word_1_222' title='bbox 1052 3171 1295 3246; x_wconf 87' lang='lat' dir='ltr'>privant</span> <span class='ocrx_word' id='word_1_223' title='bbox 1340 3172 1454 3229; x_wconf 86' lang='lat' dir='ltr'>hos</span> <span class='ocrx_word' id='word_1_224' title='bbox 1499 3170 1633 3227; x_wconf 91' lang='lat' dir='ltr'>luce</span> <span class='ocrx_word' id='word_1_225' title='bbox 1672 3171 1984 3228; x_wconf 90' lang='lat' dir='ltr'>bonorum.</span> 
     </span>
     <span class='ocr_line' id='line_1_36' title="bbox 206 3255 1698 3331; baseline -0.001 -19"><span class='ocrx_word' id='word_1_226' title='bbox 206 3256 472 3329; x_wconf 89' lang='lat' dir='ltr'>Interea,</span> <span class='ocrx_word' id='word_1_227' title='bbox 517 3257 658 3313; x_wconf 91' lang='lat' dir='ltr'>dum</span> <span class='ocrx_word' id='word_1_228' title='bbox 705 3255 940 3313; x_wconf 89' lang='lat' dir='ltr'>culmen</span> <span class='ocrx_word' id='word_1_229' title='bbox 986 3256 1042 3313; x_wconf 89' lang='lat' dir='ltr'>ei</span> <span class='ocrx_word' id='word_1_230' title='bbox 1087 3256 1344 3314; x_wconf 88' lang='lat' dir='ltr'>sublime</span> <span class='ocrx_word' id='word_1_231' title='bbox 1390 3274 1698 3331; x_wconf 87' lang='lat' dir='ltr'>paramus,</span> 
     </span>
    </p>

    <p class='ocr_par' dir='ltr' id='par_1_11' title="bbox 206 3340 1744 3418">
     <span class='ocr_line' id='line_1_37' title="bbox 206 3340 1744 3418; baseline -0.001 -21"><span class='ocrx_word' id='word_1_232' title='bbox 206 3340 441 3398; x_wconf 87' lang='lat' dir='ltr'>Lucida</span> <span class='ocrx_word' id='word_1_233' title='bbox 486 3359 607 3417; x_wconf 91' lang='lat' dir='ltr'>qua</span> <span class='ocrx_word' id='word_1_234' title='bbox 650 3341 848 3399; x_wconf 87' lang='lat' dir='ltr'>iustae</span> <span class='ocrx_word' id='word_1_235' title='bbox 887 3341 1124 3418; x_wconf 87' lang='lat' dir='ltr'>fulgent</span> <span class='ocrx_word' id='word_1_236' title='bbox 1168 3341 1455 3397; x_wconf 87' lang='lat' dir='ltr'>examina</span> <span class='ocrx_word' id='word_1_237' title='bbox 1497 3340 1744 3411; x_wconf 83' lang='lat' dir='ltr'>Librae,</span> 
     </span>
    </p>

    <p class='ocr_par' dir='ltr' id='par_1_12' title="bbox 205 3425 1974 3588">
     <span class='ocr_line' id='line_1_38' title="bbox 205 3425 1836 3501; baseline -0.002 -17"><span class='ocrx_word' id='word_1_238' title='bbox 205 3426 290 3484; x_wconf 89' lang='lat' dir='ltr'>Et</span> <span class='ocrx_word' id='word_1_239' title='bbox 336 3436 506 3484; x_wconf 87' lang='lat' dir='ltr'>vacat</span> <span class='ocrx_word' id='word_1_240' title='bbox 550 3427 691 3485; x_wconf 90' lang='lat' dir='ltr'>huic</span> <span class='ocrx_word' id='word_1_241' title='bbox 739 3426 942 3498; x_wconf 87' lang='lat' dir='ltr'>sedes,</span> <span class='ocrx_word' id='word_1_242' title='bbox 984 3444 1162 3500; x_wconf 89' lang='lat' dir='ltr'>quam</span> <span class='ocrx_word' id='word_1_243' title='bbox 1204 3425 1658 3501; x_wconf 86' lang='lat' dir='ltr'>designavimus</span> <span class='ocrx_word' id='word_1_244' title='bbox 1695 3425 1794 3481; x_wconf 51' lang='lat' dir='ltr'>¹&gt;illi</span> <span class='ocrx_word' id='word_1_245' title='bbox 1827 3449 1836 3462; x_wconf 74' lang='lat'><strong>·</strong></span> 
     </span>
     <span class='ocr_line' id='line_1_39' title="bbox 208 3510 1974 3588; baseline -0.002 -21"><span class='ocrx_word' id='word_1_246' title='bbox 208 3510 351 3568; x_wconf 88' lang='lat' dir='ltr'>Hos</span> <span class='ocrx_word' id='word_1_247' title='bbox 396 3512 551 3570; x_wconf 89' lang='lat' dir='ltr'>inter</span> <span class='ocrx_word' id='word_1_248' title='bbox 598 3529 911 3588; x_wconf 87' lang='lat' dir='ltr'>proceres,</span> <span class='ocrx_word' id='word_1_249' title='bbox 963 3530 1074 3570; x_wconf 90' lang='lat' dir='ltr'>sua</span> <span class='ocrx_word' id='word_1_250' title='bbox 1119 3528 1274 3585; x_wconf 86' lang='lat' dir='ltr'>quos</span> <span class='ocrx_word' id='word_1_251' title='bbox 1310 3510 1646 3569; x_wconf 86' lang='lat' dir='ltr'>illustribus</span> <span class='ocrx_word' id='word_1_252' title='bbox 1690 3510 1974 3568; x_wconf 86' lang='lat' dir='ltr'>Aethrae.</span> 
     </span>
    </p>
   </div>
   <div class='ocr_carea' id='block_1_4' title="bbox 1546 3606 1635 3665">
    <p class='ocr_par' dir='ltr' id='par_1_13' title="bbox 1546 3606 1635 3665">
     <span class='ocr_line' id='line_1_40' title="bbox 1546 3606 1635 3665; baseline 0 -29"><span class='ocrx_word' id='word_1_253' title='bbox 1546 3606 1635 3665; x_wconf 63' lang='grc'>6,</span> 
     </span>
    </p>
   </div>
  </div>
 </body>
</html>
