<?xml version="1.0" encoding="UTF-8"?>
<!DOCTYPE html PUBLIC "-//W3C//DTD XHTML 1.0 Transitional//EN"
    "http://www.w3.org/TR/xhtml1/DTD/xhtml1-transitional.dtd">
<html xmlns="http://www.w3.org/1999/xhtml" xml:lang="en" lang="en">
 <head>
  <title>
</title>
<meta http-equiv="Content-Type" content="text/html;charset=utf-8" />
  <meta name='ocr-system' content='tesseract 3.04.00' />
  <meta name='ocr-capabilities' content='ocr_page ocr_carea ocr_par ocr_line ocrx_word'/>
</head>
<body>
  <div class='ocr_page' id='page_1' title='image "./iosephiscaliger02scalgoog/iosephiscaliger02scalgoog_0254.png"; bbox 0 0 2452 4186; ppageno 0'>
   <div class='ocr_carea' id='block_1_1' title="bbox 1237 295 1363 356">
    <p class='ocr_par' dir='ltr' id='par_1_1' title="bbox 1237 295 1363 356">
     <span class='ocr_line' id='line_1_1' title="bbox 1237 295 1363 356; baseline 0 0"><span class='ocrx_word' id='word_1_1' title='bbox 1237 295 1363 356; x_wconf 84' lang='lat'><strong>252</strong></span> 
     </span>
    </p>
   </div>
   <div class='ocr_carea' id='block_1_2' title="bbox 1149 381 1455 392">
    <p class='ocr_par' dir='ltr' id='par_1_2' title="bbox 1149 381 1455 392">
     <span class='ocr_line' id='line_1_2' title="bbox 1149 381 1455 392; baseline 0 3794"><span class='ocrx_word' id='word_1_2' title='bbox 1149 381 1455 392; x_wconf 95' lang='lat' dir='ltr'><strong> </strong></span> 
     </span>
    </p>
   </div>
   <div class='ocr_carea' id='block_1_3' title="bbox 389 458 2229 3167">
    <p class='ocr_par' dir='ltr' id='par_1_3' title="bbox 389 458 2229 3167">
     <span class='ocr_line' id='line_1_3' title="bbox 559 458 2198 546; baseline 0 -23"><span class='ocrx_word' id='word_1_3' title='bbox 559 458 801 544; x_wconf 84' lang='grc' dir='ltr'><strong>Μοῖραν</strong></span> <span class='ocrx_word' id='word_1_4' title='bbox 850 460 1293 538; x_wconf 81' lang='grc' dir='ltr'><strong>ὑποπτεύοντα,</strong></span> <span class='ocrx_word' id='word_1_5' title='bbox 1340 461 1476 546; x_wconf 88' lang='grc' dir='ltr'><strong>βίου</strong></span> <span class='ocrx_word' id='word_1_6' title='bbox 1520 459 1830 544; x_wconf 83' lang='grc' dir='ltr'>θέλγητρα</span> <span class='ocrx_word' id='word_1_7' title='bbox 1873 459 2198 545; x_wconf 78' lang='grc' dir='ltr'><strong>προέσθαι.</strong></span> 
     </span>
     <span class='ocr_line' id='line_1_4' title="bbox 389 541 2217 645; baseline -0.001 -38"><span class='ocrx_word' id='word_1_8' title='bbox 389 541 462 608; x_wconf 90' lang='grc' dir='ltr'><strong>Ε.</strong></span> <span class='ocrx_word' id='word_1_9' title='bbox 551 544 939 631; x_wconf 85' lang='grc' dir='ltr'><strong>Ἀμφίβολον</strong></span> <span class='ocrx_word' id='word_1_10' title='bbox 988 545 1088 607; x_wconf 80' lang='grc' dir='ltr'><strong>διὰ</strong></span> <span class='ocrx_word' id='word_1_11' title='bbox 1132 550 1386 629; x_wconf 84' lang='grc' dir='ltr'><strong>πρᾶγμα</strong></span> <span class='ocrx_word' id='word_1_12' title='bbox 1419 546 1875 645; x_wconf 57' lang='grc' dir='ltr'><strong>χολωσάμενος</strong></span> <span class='ocrx_word' id='word_1_13' title='bbox 1920 546 2004 629; x_wconf 82' lang='grc' dir='ltr'><strong>μὴ</strong></span> <span class='ocrx_word' id='word_1_14' title='bbox 2039 542 2217 629; x_wconf 78' lang='grc' dir='ltr'><strong>ἔριζε.</strong></span> 
     </span>
     <span class='ocr_line' id='line_1_5' title="bbox 561 627 2220 716; baseline 0 -24"><span class='ocrx_word' id='word_1_15' title='bbox 561 627 774 712; x_wconf 81' lang='grc' dir='ltr'><strong>Θυμὸς</strong></span> <span class='ocrx_word' id='word_1_16' title='bbox 821 630 1189 713; x_wconf 78' lang='grc' dir='ltr'>ἐπιπροσθεῖ</span> <span class='ocrx_word' id='word_1_17' title='bbox 1226 636 1316 716; x_wconf 90' lang='grc' dir='ltr'><strong>τῷ</strong></span> <span class='ocrx_word' id='word_1_18' title='bbox 1362 653 1449 715; x_wconf 90' lang='grc' dir='ltr'><strong>νῳ</strong></span> <span class='ocrx_word' id='word_1_19' title='bbox 1497 634 1606 691; x_wconf 79' lang='grc' dir='ltr'><strong>τοῦ</strong></span> <span class='ocrx_word' id='word_1_20' title='bbox 1631 630 1683 691; x_wconf 83' lang='grc' dir='ltr'><strong>τ’</strong></span> <span class='ocrx_word' id='word_1_21' title='bbox 1721 630 1974 714; x_wconf 78' lang='grc' dir='ltr'><strong>ἀτρεκὲς</strong></span> <span class='ocrx_word' id='word_1_22' title='bbox 1995 629 2220 714; x_wconf 77' lang='grc' dir='ltr'><strong>ἀθρεῖν.</strong></span> 
     </span>
     <span class='ocr_line' id='line_1_6' title="bbox 392 711 2222 799; baseline 0.001 -25"><span class='ocrx_word' id='word_1_23' title='bbox 392 735 447 782; x_wconf 75' lang='grc' dir='ltr'><strong>ς.</strong></span> <span class='ocrx_word' id='word_1_24' title='bbox 557 712 793 776; x_wconf 80' lang='grc' dir='ltr'><strong>Αὐτίκα</strong></span> <span class='ocrx_word' id='word_1_25' title='bbox 828 715 902 798; x_wconf 88' lang='grc' dir='ltr'><strong>δὴ</strong></span> <span class='ocrx_word' id='word_1_26' title='bbox 935 715 1312 799; x_wconf 83' lang='grc' dir='ltr'>δαπάνησον,</span> <span class='ocrx_word' id='word_1_27' title='bbox 1349 715 1491 777; x_wconf 82' lang='grc' dir='ltr'><strong>ὅταν</strong></span> <span class='ocrx_word' id='word_1_28' title='bbox 1523 714 1599 776; x_wconf 86' lang='grc' dir='ltr'><strong>τὰ</strong></span> <span class='ocrx_word' id='word_1_29' title='bbox 1623 713 1929 798; x_wconf 78' lang='grc' dir='ltr'><strong>πράγματ’</strong></span> <span class='ocrx_word' id='word_1_30' title='bbox 1971 711 2222 798; x_wconf 75' lang='grc' dir='ltr'><strong>ἀπαιτῇ.</strong></span> 
     </span>
     <span class='ocr_line' id='line_1_7' title="bbox 568 798 2221 883; baseline 0.001 -23"><span class='ocrx_word' id='word_1_31' title='bbox 568 800 684 861; x_wconf 84' lang='grc' dir='ltr'><strong>Δεῖ</strong></span> <span class='ocrx_word' id='word_1_32' title='bbox 722 798 877 861; x_wconf 87' lang='grc' dir='ltr'><strong>κατὰ</strong></span> <span class='ocrx_word' id='word_1_33' title='bbox 922 800 989 861; x_wconf 89' lang='grc' dir='ltr'><strong>τὸ</strong></span> <span class='ocrx_word' id='word_1_34' title='bbox 1025 804 1258 883; x_wconf 83' lang='grc' dir='ltr'><strong>χρεῖος,</strong></span> <span class='ocrx_word' id='word_1_35' title='bbox 1302 801 1405 863; x_wconf 85' lang='grc' dir='ltr'><strong>καὶ</strong></span> <span class='ocrx_word' id='word_1_36' title='bbox 1448 800 1550 861; x_wconf 88' lang='grc' dir='ltr'><strong>τὸν</strong></span> <span class='ocrx_word' id='word_1_37' title='bbox 1596 800 1808 882; x_wconf 89' lang='grc' dir='ltr'><strong>καιρόν</strong></span> <span class='ocrx_word' id='word_1_38' title='bbox 1834 822 1889 862; x_wconf 89' lang='grc' dir='ltr'><strong>τι</strong></span> <span class='ocrx_word' id='word_1_39' title='bbox 1912 803 2221 883; x_wconf 83' lang='grc' dir='ltr'><strong>χορηγεῖν.</strong></span> 
     </span>
     <span class='ocr_line' id='line_1_8' title="bbox 393 877 2223 968; baseline 0 -24"><span class='ocrx_word' id='word_1_40' title='bbox 393 877 464 944; x_wconf 90' lang='grc' dir='ltr'><strong>Ζ.</strong></span> <span class='ocrx_word' id='word_1_41' title='bbox 493 929 500 939; x_wconf 94' lang='grc'><strong>.</strong></span> <span class='ocrx_word' id='word_1_42' title='bbox 565 879 691 945; x_wconf 79' lang='grc' dir='ltr'><strong>Τοῦ</strong></span> <span class='ocrx_word' id='word_1_43' title='bbox 713 884 821 966; x_wconf 80' lang='grc' dir='ltr'><strong>μὲν</strong></span> <span class='ocrx_word' id='word_1_44' title='bbox 839 881 991 966; x_wconf 80' lang='grc' dir='ltr'><strong>ἄγαν</strong></span> <span class='ocrx_word' id='word_1_45' title='bbox 1015 882 1277 968; x_wconf 82' lang='grc' dir='ltr'><strong>ἀπέχου.</strong></span> <span class='ocrx_word' id='word_1_46' title='bbox 1297 881 1433 946; x_wconf 85' lang='grc' dir='ltr'><strong>Τῶν</strong></span> <span class='ocrx_word' id='word_1_47' title='bbox 1454 881 1514 945; x_wconf 77' lang='grc' dir='ltr'><strong>δ’</strong></span> <span class='ocrx_word' id='word_1_48' title='bbox 1535 881 1612 946; x_wconf 76' lang='grc' dir='ltr'><strong>αὖ</strong></span> <span class='ocrx_word' id='word_1_49' title='bbox 1635 883 1895 968; x_wconf 77' lang='grc' dir='ltr'><strong>μετρίων</strong></span> <span class='ocrx_word' id='word_1_50' title='bbox 1922 883 2223 966; x_wconf 88' lang='grc' dir='ltr'><strong>ἐπιθύμει.</strong></span> 
     </span>
     <span class='ocr_line' id='line_1_9' title="bbox 563 964 2206 1053; baseline 0.002 -25"><span class='ocrx_word' id='word_1_51' title='bbox 563 964 665 1029; x_wconf 88' lang='grc' dir='ltr'><strong>Ἐν</strong></span> <span class='ocrx_word' id='word_1_52' title='bbox 718 966 878 1051; x_wconf 87' lang='grc' dir='ltr'><strong>βαιῷ</strong></span> <span class='ocrx_word' id='word_1_53' title='bbox 914 973 1178 1053; x_wconf 77' lang='grc' dir='ltr'><strong>ποταμῷ</strong></span> <span class='ocrx_word' id='word_1_54' title='bbox 1217 969 1333 1050; x_wconf 85' lang='grc' dir='ltr'><strong>γὰρ</strong></span> <span class='ocrx_word' id='word_1_55' title='bbox 1382 969 1865 1051; x_wconf 82' lang='grc' dir='ltr'><strong>ἀκινδυνώτερος</strong></span> <span class='ocrx_word' id='word_1_56' title='bbox 1910 969 1942 1030; x_wconf 84' lang='grc' dir='ltr'>ὁ</span> <span class='ocrx_word' id='word_1_57' title='bbox 1991 969 2206 1036; x_wconf 74' lang='grc' dir='ltr'><strong>πλοῦς.</strong></span> 
     </span>
     <span class='ocr_line' id='line_1_10' title="bbox 391 1047 2227 1137; baseline 0.001 -24"><span class='ocrx_word' id='word_1_58' title='bbox 391 1047 472 1113; x_wconf 93' lang='grc' dir='ltr'><strong>Η.</strong></span> <span class='ocrx_word' id='word_1_59' title='bbox 548 1048 668 1113; x_wconf 79' lang='grc' dir='ltr'><strong>Ὧν</strong></span> <span class='ocrx_word' id='word_1_60' title='bbox 718 1052 910 1120; x_wconf 83' lang='grc' dir='ltr'><strong>αἰδώς</strong></span> <span class='ocrx_word' id='word_1_61' title='bbox 954 1052 1014 1114; x_wconf 86' lang='grc' dir='ltr'><strong>σ’</strong></span> <span class='ocrx_word' id='word_1_62' title='bbox 1048 1054 1231 1135; x_wconf 85' lang='grc' dir='ltr'><strong>αἱρεῖ,</strong></span> <span class='ocrx_word' id='word_1_63' title='bbox 1273 1053 1423 1115; x_wconf 92' lang='grc' dir='ltr'><strong>τάδε</strong></span> <span class='ocrx_word' id='word_1_64' title='bbox 1471 1054 1552 1135; x_wconf 89' lang='grc' dir='ltr'><strong>μὴ</strong></span> <span class='ocrx_word' id='word_1_65' title='bbox 1596 1053 1898 1115; x_wconf 81' lang='grc' dir='ltr'><strong>κοίνωσον</strong></span> <span class='ocrx_word' id='word_1_66' title='bbox 1942 1053 2227 1137; x_wconf 79' lang='grc' dir='ltr'><strong>ἑταίροις,</strong></span> 
     </span>
     <span class='ocr_line' id='line_1_11' title="bbox 563 1133 2226 1221; baseline 0.001 -24"><span class='ocrx_word' id='word_1_67' title='bbox 563 1133 672 1217; x_wconf 85' lang='grc' dir='ltr'><strong>Μὴ</strong></span> <span class='ocrx_word' id='word_1_68' title='bbox 695 1134 956 1205; x_wconf 85' lang='grc' dir='ltr'><strong>πλέονες</strong></span> <span class='ocrx_word' id='word_1_69' title='bbox 978 1136 1366 1221; x_wconf 88' lang='grc' dir='ltr'><strong>μέμφωνται,</strong></span> <span class='ocrx_word' id='word_1_70' title='bbox 1387 1137 1537 1220; x_wconf 78' lang='grc' dir='ltr'><strong>ὅπερ</strong></span> <span class='ocrx_word' id='word_1_71' title='bbox 1564 1135 1735 1221; x_wconf 91' lang='grc' dir='ltr'><strong>μόνῳ</strong></span> <span class='ocrx_word' id='word_1_72' title='bbox 1759 1136 1833 1199; x_wconf 75' lang='grc' dir='ltr'><strong>οὔ</strong></span> <span class='ocrx_word' id='word_1_73' title='bbox 1849 1159 1946 1199; x_wconf 88' lang='grc' dir='ltr'><strong>σοι</strong></span> <span class='ocrx_word' id='word_1_74' title='bbox 1960 1136 2226 1221; x_wconf 86' lang='grc' dir='ltr'><strong>ἀρέσκει.</strong></span> 
     </span>
     <span class='ocr_line' id='line_1_12' title="bbox 398 1216 2226 1305; baseline 0 -22"><span class='ocrx_word' id='word_1_75' title='bbox 398 1218 471 1283; x_wconf 83' lang='grc' dir='ltr'><strong>Θ.</strong></span> <span class='ocrx_word' id='word_1_76' title='bbox 568 1216 727 1287; x_wconf 81' lang='grc' dir='ltr'><strong>Τοὺς</strong></span> <span class='ocrx_word' id='word_1_77' title='bbox 769 1220 1054 1305; x_wconf 75' lang='grc' dir='ltr'><strong>ἀλιτροὺς</strong></span> <span class='ocrx_word' id='word_1_78' title='bbox 1095 1223 1176 1304; x_wconf 88' lang='grc' dir='ltr'><strong>μὴ</strong></span> <span class='ocrx_word' id='word_1_79' title='bbox 1225 1220 1362 1283; x_wconf 80' lang='grc' dir='ltr'><strong>οἴου</strong></span> <span class='ocrx_word' id='word_1_80' title='bbox 1412 1222 1825 1304; x_wconf 83' lang='grc' dir='ltr'><strong>ἀλιτροσυνῶν</strong></span> <span class='ocrx_word' id='word_1_81' title='bbox 1857 1245 1912 1283; x_wconf 90' lang='grc' dir='ltr'><strong>τι</strong></span> <span class='ocrx_word' id='word_1_82' title='bbox 1945 1220 2226 1284; x_wconf 78' lang='grc' dir='ltr'><strong>ὄνασθαι.</strong></span> 
     </span>
     <span class='ocr_line' id='line_1_13' title="bbox 567 1303 2225 1391; baseline 0.001 -24"><span class='ocrx_word' id='word_1_83' title='bbox 567 1303 932 1387; x_wconf 89' lang='grc' dir='ltr'><strong>Πταίσματα</strong></span> <span class='ocrx_word' id='word_1_84' title='bbox 962 1310 1050 1391; x_wconf 87' lang='grc' dir='ltr'><strong>τῷ</strong></span> <span class='ocrx_word' id='word_1_85' title='bbox 1078 1328 1143 1368; x_wconf 86' lang='grc' dir='ltr'><strong>τε</strong></span> <span class='ocrx_word' id='word_1_86' title='bbox 1172 1305 1382 1390; x_wconf 81' lang='grc' dir='ltr'>χρόνῳ</span> <span class='ocrx_word' id='word_1_87' title='bbox 1419 1306 1741 1382; x_wconf 85' lang='grc' dir='ltr'><strong>ἐλάθοντο,</strong></span> <span class='ocrx_word' id='word_1_88' title='bbox 1756 1305 1965 1391; x_wconf 92' lang='grc' dir='ltr'><strong>χρόνῳ</strong></span> <span class='ocrx_word' id='word_1_89' title='bbox 1992 1305 2050 1367; x_wconf 78' lang='grc' dir='ltr'><strong>τ’</strong></span> <span class='ocrx_word' id='word_1_90' title='bbox 2084 1305 2225 1390; x_wconf 83' lang='grc' dir='ltr'><strong>ἐφά-</strong></span> 
     </span>
     <span class='ocr_line' id='line_1_14' title="bbox 396 1386 2226 1475; baseline -0.001 -23"><span class='ocrx_word' id='word_1_91' title='bbox 396 1386 442 1452; x_wconf 92' lang='lat' dir='ltr'><strong>l.</strong></span> <span class='ocrx_word' id='word_1_92' title='bbox 563 1387 939 1453; x_wconf 86' lang='grc' dir='ltr'><strong>Ἢπεδανοῖο</strong></span> <span class='ocrx_word' id='word_1_93' title='bbox 974 1391 1135 1475; x_wconf 86' lang='grc' dir='ltr'><strong>φυὴν</strong></span> <span class='ocrx_word' id='word_1_94' title='bbox 1165 1392 1247 1473; x_wconf 90' lang='grc' dir='ltr'><strong>μὴ</strong></span> <span class='ocrx_word' id='word_1_95' title='bbox 1281 1391 1615 1473; x_wconf 88' lang='grc' dir='ltr'><strong>σωματίοιο</strong></span> <span class='ocrx_word' id='word_1_96' title='bbox 1648 1393 1877 1461; x_wconf 79' lang='grc' dir='ltr'><strong>κάκιζε.</strong></span> <span class='ocrx_word' id='word_1_97' title='bbox 1991 1394 2226 1473; x_wconf 88' lang='grc' dir='ltr'><strong>[νησαν.</strong></span> 
     </span>
     <span class='ocr_line' id='line_1_15' title="bbox 571 1473 2227 1560; baseline 0 -24"><span class='ocrx_word' id='word_1_98' title='bbox 571 1473 994 1559; x_wconf 83' lang='grc' dir='ltr'><strong>Φραδμοσύνῃ</strong></span> <span class='ocrx_word' id='word_1_99' title='bbox 1019 1474 1427 1560; x_wconf 79' lang='grc' dir='ltr'><strong>προβέβηκεν,</strong></span> <span class='ocrx_word' id='word_1_100' title='bbox 1449 1474 1572 1560; x_wconf 82' lang='grc' dir='ltr'><strong>ὅτῳ</strong></span> <span class='ocrx_word' id='word_1_101' title='bbox 1590 1474 1768 1559; x_wconf 86' lang='grc' dir='ltr'><strong>φύσις</strong></span> <span class='ocrx_word' id='word_1_102' title='bbox 1795 1476 1908 1538; x_wconf 81' lang='grc' dir='ltr'><strong>οὐκ</strong></span> <span class='ocrx_word' id='word_1_103' title='bbox 1932 1474 2110 1557; x_wconf 83' lang='grc' dir='ltr'><strong>ἔπορ’</strong></span> <span class='ocrx_word' id='word_1_104' title='bbox 2129 1475 2227 1537; x_wconf 87' lang='grc' dir='ltr'><strong>ἀλ-</strong></span> 
     </span>
     <span class='ocr_line' id='line_1_16' title="bbox 1621 1582 1754 1621; baseline 0 0"><span class='ocrx_word' id='word_1_105' title='bbox 1621 1584 1657 1621; x_wconf 91' lang='grc' dir='ltr'><strong>κ</strong></span> <span class='ocrx_word' id='word_1_106' title='bbox 1704 1582 1754 1621; x_wconf 90' lang='grc' dir='ltr'><strong>ν.</strong></span> 
     </span>
     <span class='ocr_line' id='line_1_17' title="bbox 398 1583 2225 1729; baseline -0.002 -23"><span class='ocrx_word' id='word_1_107' title='bbox 398 1639 507 1706; x_wconf 83' lang='grc' dir='ltr'><strong>ΙΑ.</strong></span> <span class='ocrx_word' id='word_1_108' title='bbox 552 1638 672 1706; x_wconf 56' lang='grc' dir='ltr'><strong>ζ’ον</strong></span> <span class='ocrx_word' id='word_1_109' title='bbox 700 1647 810 1705; x_wconf 79' lang='grc' dir='ltr'><strong>σεῦ</strong></span> <span class='ocrx_word' id='word_1_110' title='bbox 849 1641 1129 1705; x_wconf 87' lang='grc' dir='ltr'><strong>ἀκιδνότε</strong></span> <span class='ocrx_word' id='word_1_111' title='bbox 1172 1664 1239 1704; x_wconf 88' lang='grc' dir='ltr'><strong>ον</strong></span> <span class='ocrx_word' id='word_1_112' title='bbox 1277 1642 1493 1720; x_wconf 80' lang='grc' dir='ltr'><strong>νοέεις,</strong></span> <span class='ocrx_word' id='word_1_113' title='bbox 1530 1643 1618 1729; x_wconf 87' lang='grc' dir='ltr'><strong>τῷ</strong></span> <span class='ocrx_word' id='word_1_114' title='bbox 1648 1583 1705 1705; x_wconf 50' lang='grc' dir='ltr'><strong>δῖ’</strong></span> <span class='ocrx_word' id='word_1_115' title='bbox 1746 1642 1858 1705; x_wconf 81' lang='grc' dir='ltr'><strong>εἶκ’</strong></span> <span class='ocrx_word' id='word_1_116' title='bbox 1895 1643 1983 1705; x_wconf 89' lang='grc' dir='ltr'><strong>ἐνὶ</strong></span> <span class='ocrx_word' id='word_1_117' title='bbox 2012 1646 2225 1727; x_wconf 90' lang='grc' dir='ltr'><strong>καιρῷ.</strong></span> 
     </span>
     <span class='ocr_line' id='line_1_18' title="bbox 573 1665 2109 1812; baseline 0.001 -24"><span class='ocrx_word' id='word_1_118' title='bbox 573 1726 860 1812; x_wconf 77' lang='grc' dir='ltr'><strong>Πολλάχ’</strong></span> <span class='ocrx_word' id='word_1_119' title='bbox 909 1729 940 1790; x_wconf 86' lang='grc' dir='ltr'><strong>ὁ</strong></span> <span class='ocrx_word' id='word_1_120' title='bbox 987 1665 1258 1809; x_wconf 57' lang='grc' dir='ltr'><strong>νικηθεὶς</strong></span> <span class='ocrx_word' id='word_1_121' title='bbox 1299 1729 1402 1790; x_wconf 85' lang='grc' dir='ltr'><strong>τὸν</strong></span> <span class='ocrx_word' id='word_1_122' title='bbox 1444 1729 1776 1811; x_wconf 87' lang='grc' dir='ltr'><strong>νικήσαντα</strong></span> <span class='ocrx_word' id='word_1_123' title='bbox 1820 1729 2109 1812; x_wconf 87' lang='grc' dir='ltr'><strong>κράτησε.</strong></span> 
     </span>
     <span class='ocr_line' id='line_1_19' title="bbox 398 1806 2099 1896; baseline -0.001 -21"><span class='ocrx_word' id='word_1_124' title='bbox 398 1808 505 1875; x_wconf 89' lang='grc' dir='ltr'><strong>ΙΒ.</strong></span> <span class='ocrx_word' id='word_1_125' title='bbox 557 1806 938 1896; x_wconf 65' lang='grc' dir='ltr'><strong>“Αψιμάχοις</strong></span> <span class='ocrx_word' id='word_1_126' title='bbox 983 1810 1230 1874; x_wconf 88' lang='grc' dir='ltr'><strong>ἐπέεσσι</strong></span> <span class='ocrx_word' id='word_1_127' title='bbox 1278 1814 1360 1896; x_wconf 88' lang='grc' dir='ltr'><strong>μὴ</strong></span> <span class='ocrx_word' id='word_1_128' title='bbox 1408 1812 1808 1895; x_wconf 86' lang='grc' dir='ltr'><strong>ἀντιλόγησον</strong></span> <span class='ocrx_word' id='word_1_129' title='bbox 1853 1813 2099 1896; x_wconf 78' lang='grc' dir='ltr'><strong>ἑταίρῳ.</strong></span> 
     </span>
     <span class='ocr_line' id='line_1_20' title="bbox 567 1893 2190 1980; baseline 0.001 -23"><span class='ocrx_word' id='word_1_130' title='bbox 567 1893 669 1964; x_wconf 54' lang='lat' dir='ltr'><strong>&#39;EQ</strong></span> <span class='ocrx_word' id='word_1_131' title='bbox 716 1896 937 1978; x_wconf 78' lang='grc' dir='ltr'><strong>ὀλίγων</strong></span> <span class='ocrx_word' id='word_1_132' title='bbox 990 1895 1201 1978; x_wconf 88' lang='grc' dir='ltr'><strong>μύθων</strong></span> <span class='ocrx_word' id='word_1_133' title='bbox 1255 1898 1489 1980; x_wconf 81' lang='grc' dir='ltr'><strong>μεγάλη</strong></span> <span class='ocrx_word' id='word_1_134' title='bbox 1527 1898 1678 1960; x_wconf 85' lang='grc' dir='ltr'><strong>ποτὲ</strong></span> <span class='ocrx_word' id='word_1_135' title='bbox 1725 1898 1896 1980; x_wconf 74' lang='grc' dir='ltr'><strong>δῆρις</strong></span> <span class='ocrx_word' id='word_1_136' title='bbox 1947 1897 2190 1980; x_wconf 80' lang='grc' dir='ltr'><strong>ὀρώρει.</strong></span> 
     </span>
     <span class='ocr_line' id='line_1_21' title="bbox 400 1977 2184 2065; baseline -0.001 -21"><span class='ocrx_word' id='word_1_137' title='bbox 400 1977 497 2044; x_wconf 87' lang='grc' dir='ltr'><strong>ΙΓ.</strong></span> <span class='ocrx_word' id='word_1_138' title='bbox 570 1977 802 2065; x_wconf 85' lang='grc' dir='ltr'><strong>Κλήρῳ</strong></span> <span class='ocrx_word' id='word_1_139' title='bbox 846 1980 1215 2063; x_wconf 85' lang='grc' dir='ltr'><strong>ἐρευνᾶσθαι</strong></span> <span class='ocrx_word' id='word_1_140' title='bbox 1264 1982 1322 2046; x_wconf 85' lang='grc' dir='ltr'><strong>τί</strong></span> <span class='ocrx_word' id='word_1_141' title='bbox 1356 1983 1503 2049; x_wconf 81' lang='grc' dir='ltr'><strong>θεὸς</strong></span> <span class='ocrx_word' id='word_1_142' title='bbox 1537 1982 1881 2065; x_wconf 80' lang='grc' dir='ltr'><strong>τεκμαίρετ’</strong></span> <span class='ocrx_word' id='word_1_143' title='bbox 1935 1981 2184 2043; x_wconf 88' lang='grc' dir='ltr'><strong>ἀλεύου.</strong></span> 
     </span>
     <span class='ocr_line' id='line_1_22' title="bbox 554 2059 2223 2151; baseline 0 -24"><span class='ocrx_word' id='word_1_144' title='bbox 554 2059 728 2128; x_wconf 57' lang='lat' dir='ltr'><strong>‘&#39;Ox-tt</strong></span> <span class='ocrx_word' id='word_1_145' title='bbox 771 2064 884 2148; x_wconf 82' lang='grc' dir='ltr'><strong>γὰρ</strong></span> <span class='ocrx_word' id='word_1_146' title='bbox 934 2064 1001 2133; x_wconf 89' lang='grc' dir='ltr'><strong>ὃς</strong></span> <span class='ocrx_word' id='word_1_147' title='bbox 1045 2067 1184 2150; x_wconf 87' lang='grc' dir='ltr'><strong>περὶ</strong></span> <span class='ocrx_word' id='word_1_148' title='bbox 1226 2070 1338 2129; x_wconf 78' lang='grc' dir='ltr'><strong>σοῦ</strong></span> <span class='ocrx_word' id='word_1_149' title='bbox 1378 2064 1636 2144; x_wconf 86' lang='grc' dir='ltr'><strong>τελέσει,</strong></span> <span class='ocrx_word' id='word_1_150' title='bbox 1671 2066 1775 2129; x_wconf 86' lang='grc' dir='ltr'><strong>σέο</strong></span> <span class='ocrx_word' id='word_1_151' title='bbox 1801 2066 1997 2151; x_wconf 83' lang='grc' dir='ltr'><strong>χωρὶς</strong></span> <span class='ocrx_word' id='word_1_152' title='bbox 2024 2066 2223 2151; x_wconf 78' lang='grc' dir='ltr'><strong>ὁρίζει.</strong></span> 
     </span>
     <span class='ocr_line' id='line_1_23' title="bbox 399 2148 2225 2236; baseline 0.002 -22"><span class='ocrx_word' id='word_1_153' title='bbox 399 2148 500 2214; x_wconf 90' lang='grc' dir='ltr'><strong>ΙΔ.</strong></span> <span class='ocrx_word' id='word_1_154' title='bbox 572 2151 680 2232; x_wconf 88' lang='grc' dir='ltr'><strong>Μὴ</strong></span> <span class='ocrx_word' id='word_1_155' title='bbox 729 2149 961 2233; x_wconf 84' lang='grc' dir='ltr'><strong>φθόνον</strong></span> <span class='ocrx_word' id='word_1_156' title='bbox 1013 2151 1081 2212; x_wconf 88' lang='grc' dir='ltr'><strong>ἐκ</strong></span> <span class='ocrx_word' id='word_1_157' title='bbox 1125 2153 1386 2234; x_wconf 79' lang='grc' dir='ltr'><strong>κομιδῆς</strong></span> <span class='ocrx_word' id='word_1_158' title='bbox 1417 2152 1744 2236; x_wconf 84' lang='grc' dir='ltr'><strong>περιέργου</strong></span> <span class='ocrx_word' id='word_1_159' title='bbox 1782 2174 1880 2214; x_wconf 91' lang='grc' dir='ltr'><strong>σοι</strong></span> <span class='ocrx_word' id='word_1_160' title='bbox 1905 2152 2225 2235; x_wconf 59' lang='grc' dir='ltr'><strong>περιάῖῃς,</strong></span> 
     </span>
     <span class='ocr_line' id='line_1_24' title="bbox 564 2232 2226 2320; baseline -0.001 -24"><span class='ocrx_word' id='word_1_161' title='bbox 564 2232 675 2301; x_wconf 80' lang='grc' dir='ltr'><strong>Ὡς</strong></span> <span class='ocrx_word' id='word_1_162' title='bbox 701 2234 811 2317; x_wconf 82' lang='grc' dir='ltr'><strong>κῆν</strong></span> <span class='ocrx_word' id='word_1_163' title='bbox 838 2235 919 2317; x_wconf 88' lang='grc' dir='ltr'><strong>μὴ</strong></span> <span class='ocrx_word' id='word_1_164' title='bbox 951 2236 1160 2320; x_wconf 78' lang='grc' dir='ltr'><strong>βλάψῃ</strong></span> <span class='ocrx_word' id='word_1_165' title='bbox 1193 2237 1269 2312; x_wconf 87' lang='grc' dir='ltr'><strong>τὶ,</strong></span> <span class='ocrx_word' id='word_1_166' title='bbox 1288 2235 1496 2320; x_wconf 90' lang='grc' dir='ltr'><strong>φέρειν</strong></span> <span class='ocrx_word' id='word_1_167' title='bbox 1522 2238 1594 2318; x_wconf 81' lang='grc' dir='ltr'><strong>γὲ</strong></span> <span class='ocrx_word' id='word_1_168' title='bbox 1612 2236 1720 2319; x_wconf 87' lang='grc' dir='ltr'><strong>μέν</strong></span> <span class='ocrx_word' id='word_1_169' title='bbox 1743 2236 1901 2298; x_wconf 82' lang='grc' dir='ltr'><strong>ἐστιν</strong></span> <span class='ocrx_word' id='word_1_170' title='bbox 1935 2236 2098 2319; x_wconf 83' lang='grc' dir='ltr'><strong>ἐπαχ</strong></span> <span class='ocrx_word' id='word_1_171' title='bbox 2158 2235 2226 2302; x_wconf 82' lang='grc' dir='ltr'><strong>’ς.</strong></span> 
     </span>
     <span class='ocr_line' id='line_1_25' title="bbox 401 2316 2223 2404; baseline 0.001 -19"><span class='ocrx_word' id='word_1_172' title='bbox 401 2316 502 2385; x_wconf 85' lang='grc' dir='ltr'><strong>ΙΕ.</strong></span> <span class='ocrx_word' id='word_1_173' title='bbox 564 2316 1066 2403; x_wconf 84' lang='grc' dir='ltr'><strong>Καρτεροθύμως</strong></span> <span class='ocrx_word' id='word_1_174' title='bbox 1117 2323 1365 2404; x_wconf 79' lang='grc' dir='ltr'><strong>τλῆσον,</strong></span> <span class='ocrx_word' id='word_1_175' title='bbox 1408 2320 1512 2397; x_wconf 78' lang='grc' dir='ltr'><strong>ἐὰν</strong></span> <span class='ocrx_word' id='word_1_176' title='bbox 1560 2321 1788 2389; x_wconf 84' lang='grc' dir='ltr'><strong>ἀδίκως</strong></span> <span class='ocrx_word' id='word_1_177' title='bbox 1831 2319 2223 2403; x_wconf 76' lang='grc' dir='ltr'><strong>κατακριθῇς·</strong></span> 
     </span>
     <span class='ocr_line' id='line_1_26' title="bbox 573 2399 2069 2489; baseline 0 -22"><span class='ocrx_word' id='word_1_178' title='bbox 573 2399 664 2467; x_wconf 83' lang='grc' dir='ltr'><strong>Οὐ</strong></span> <span class='ocrx_word' id='word_1_179' title='bbox 714 2405 823 2486; x_wconf 89' lang='grc' dir='ltr'><strong>δὴν</strong></span> <span class='ocrx_word' id='word_1_180' title='bbox 866 2404 1212 2487; x_wconf 86' lang='grc' dir='ltr'><strong>γαυριόωσι</strong></span> <span class='ocrx_word' id='word_1_181' title='bbox 1250 2410 1426 2489; x_wconf 77' lang='grc' dir='ltr'><strong>κριτῇ</strong></span> <span class='ocrx_word' id='word_1_182' title='bbox 1462 2409 1746 2473; x_wconf 86' lang='grc' dir='ltr'><strong>νικῶντες</strong></span> <span class='ocrx_word' id='word_1_183' title='bbox 1789 2404 2069 2489; x_wconf 88' lang='grc' dir='ltr'><strong>ἀθέσμῳ.</strong></span> 
     </span>
     <span class='ocr_line' id='line_1_27' title="bbox 405 2487 2134 2574; baseline 0 -23"><span class='ocrx_word' id='word_1_184' title='bbox 405 2487 490 2559; x_wconf 85' lang='grc' dir='ltr'><strong>Ις.</strong></span> <span class='ocrx_word' id='word_1_185' title='bbox 571 2489 680 2570; x_wconf 84' lang='grc' dir='ltr'><strong>Μὴ</strong></span> <span class='ocrx_word' id='word_1_186' title='bbox 719 2490 823 2570; x_wconf 88' lang='grc' dir='ltr'><strong>τὴν</strong></span> <span class='ocrx_word' id='word_1_187' title='bbox 867 2490 1177 2573; x_wconf 88' lang='grc' dir='ltr'><strong>λοιδορίην</strong></span> <span class='ocrx_word' id='word_1_188' title='bbox 1229 2489 1432 2574; x_wconf 79' lang='grc' dir='ltr'><strong>ἔριδος</strong></span> <span class='ocrx_word' id='word_1_189' title='bbox 1474 2488 1809 2573; x_wconf 89' lang='grc' dir='ltr'><strong>προένεγκε</strong></span> <span class='ocrx_word' id='word_1_190' title='bbox 1848 2491 2134 2557; x_wconf 80' lang='grc' dir='ltr'><strong>παλαιᾶς.</strong></span> 
     </span>
     <span class='ocr_line' id='line_1_28' title="bbox 572 2572 2225 2659; baseline 0.001 -23"><span class='ocrx_word' id='word_1_191' title='bbox 572 2576 794 2655; x_wconf 81' lang='grc' dir='ltr'><strong>Μεμνῆ</strong></span> <span class='ocrx_word' id='word_1_192' title='bbox 805 2574 948 2635; x_wconf 91' lang='grc' dir='ltr'><strong>σθαι</strong></span> <span class='ocrx_word' id='word_1_193' title='bbox 963 2574 1032 2636; x_wconf 84' lang='grc' dir='ltr'><strong>δὲ</strong></span> <span class='ocrx_word' id='word_1_194' title='bbox 1046 2574 1276 2655; x_wconf 88' lang='grc' dir='ltr'><strong>κότοιο,</strong></span> <span class='ocrx_word' id='word_1_195' title='bbox 1291 2573 1675 2659; x_wconf 82' lang='grc' dir='ltr'><strong>κακόφρονός</strong></span> <span class='ocrx_word' id='word_1_196' title='bbox 1688 2575 1828 2650; x_wconf 88' lang='grc' dir='ltr'><strong>ἐστι,</strong></span> <span class='ocrx_word' id='word_1_197' title='bbox 1846 2572 1966 2656; x_wconf 85' lang='grc' dir='ltr'><strong>μετ’</strong></span> <span class='ocrx_word' id='word_1_198' title='bbox 1985 2572 2225 2658; x_wconf 81' lang='grc' dir='ltr'><strong>ἔχθραν.</strong></span> 
     </span>
     <span class='ocr_line' id='line_1_29' title="bbox 391 2655 2223 2742; baseline -0.002 -20"><span class='ocrx_word' id='word_1_199' title='bbox 391 2656 502 2722; x_wconf 61' lang='lat' dir='ltr'><strong>vIZ.</strong></span> <span class='ocrx_word' id='word_1_200' title='bbox 567 2655 673 2739; x_wconf 88' lang='grc' dir='ltr'><strong>Μὴ</strong></span> <span class='ocrx_word' id='word_1_201' title='bbox 721 2656 788 2720; x_wconf 87' lang='grc' dir='ltr'><strong>τέ</strong></span> <span class='ocrx_word' id='word_1_202' title='bbox 840 2658 893 2719; x_wconf 83' lang='lat'><strong>0’</strong></span> <span class='ocrx_word' id='word_1_203' title='bbox 942 2659 1327 2735; x_wconf 85' lang='grc' dir='ltr'><strong>ἐπαίνεσσον,</strong></span> <span class='ocrx_word' id='word_1_204' title='bbox 1377 2660 1524 2742; x_wconf 85' lang='grc' dir='ltr'><strong>μήτ’</strong></span> <span class='ocrx_word' id='word_1_205' title='bbox 1575 2657 1753 2727; x_wconf 78' lang='grc' dir='ltr'><strong>αὖθις</strong></span> <span class='ocrx_word' id='word_1_206' title='bbox 1774 2659 1956 2741; x_wconf 74' lang='grc' dir='ltr'><strong>ψέξον</strong></span> <span class='ocrx_word' id='word_1_207' title='bbox 1989 2655 2223 2720; x_wconf 78' lang='grc' dir='ltr'><strong>ἑαυτόν.</strong></span> 
     </span>
     <span class='ocr_line' id='line_1_30' title="bbox 571 2739 2226 2828; baseline 0.001 -25"><span class='ocrx_word' id='word_1_208' title='bbox 571 2739 772 2805; x_wconf 79' lang='grc' dir='ltr'><strong>Τοῦτο</strong></span> <span class='ocrx_word' id='word_1_209' title='bbox 797 2745 951 2826; x_wconf 83' lang='grc' dir='ltr'><strong>πρὸς</strong></span> <span class='ocrx_word' id='word_1_210' title='bbox 971 2743 1329 2826; x_wconf 84' lang='grc' dir='ltr'><strong>ἀφραδέων,</strong></span> <span class='ocrx_word' id='word_1_211' title='bbox 1350 2743 1705 2826; x_wconf 80' lang='grc' dir='ltr'><strong>οὸςοίστρεῖ</strong></span> <span class='ocrx_word' id='word_1_212' title='bbox 1723 2743 1874 2812; x_wconf 76' lang='grc' dir='ltr'><strong>δόξα</strong></span> <span class='ocrx_word' id='word_1_213' title='bbox 1890 2742 2226 2828; x_wconf 82' lang='grc' dir='ltr'><strong>κενόφρων.</strong></span> 
     </span>
     <span class='ocr_line' id='line_1_31' title="bbox 402 2823 2227 2911; baseline -0.001 -21"><span class='ocrx_word' id='word_1_214' title='bbox 402 2823 507 2890; x_wconf 88' lang='grc' dir='ltr'><strong>ΙΗ.</strong></span> <span class='ocrx_word' id='word_1_215' title='bbox 575 2826 811 2890; x_wconf 88' lang='grc' dir='ltr'><strong>Φείδου</strong></span> <span class='ocrx_word' id='word_1_216' title='bbox 828 2833 947 2908; x_wconf 66' lang='grc' dir='ltr'><strong>τῶν</strong></span> <span class='ocrx_word' id='word_1_217' title='bbox 963 2829 1259 2907; x_wconf 88' lang='grc' dir='ltr'><strong>κτεάνων,</strong></span> <span class='ocrx_word' id='word_1_218' title='bbox 1287 2830 1576 2890; x_wconf 79' lang='grc' dir='ltr'><strong>δαπανῶν</strong></span> <span class='ocrx_word' id='word_1_219' title='bbox 1594 2829 1685 2892; x_wconf 83' lang='grc' dir='ltr'><strong>ὅτι</strong></span> <span class='ocrx_word' id='word_1_220' title='bbox 1709 2828 1953 2910; x_wconf 86' lang='grc' dir='ltr'><strong>πλῆθος</strong></span> <span class='ocrx_word' id='word_1_221' title='bbox 1979 2826 2227 2911; x_wconf 75' lang='grc' dir='ltr'><strong>ἐπιρρεῖ.</strong></span> 
     </span>
     <span class='ocr_line' id='line_1_32' title="bbox 564 2908 2228 2997; baseline -0.001 -23"><span class='ocrx_word' id='word_1_222' title='bbox 564 2908 671 2974; x_wconf 86' lang='grc' dir='ltr'><strong>Ἐν</strong></span> <span class='ocrx_word' id='word_1_223' title='bbox 722 2917 940 2995; x_wconf 84' lang='grc' dir='ltr'><strong>μακρῷ</strong></span> <span class='ocrx_word' id='word_1_224' title='bbox 980 2912 1049 2973; x_wconf 88' lang='grc' dir='ltr'><strong>τὸ</strong></span> <span class='ocrx_word' id='word_1_225' title='bbox 1092 2912 1409 2995; x_wconf 84' lang='grc' dir='ltr'><strong>πορισθὲν,</strong></span> <span class='ocrx_word' id='word_1_226' title='bbox 1455 2914 1686 2985; x_wconf 80' lang='grc' dir='ltr'><strong>ὀλίζονι</strong></span> <span class='ocrx_word' id='word_1_227' title='bbox 1727 2913 1790 2976; x_wconf 81' lang='grc' dir='ltr'><strong>ἐν</strong></span> <span class='ocrx_word' id='word_1_228' title='bbox 1815 2911 2024 2997; x_wconf 89' lang='grc' dir='ltr'><strong>χρόνῳ</strong></span> <span class='ocrx_word' id='word_1_229' title='bbox 2049 2911 2228 2997; x_wconf 75' lang='grc' dir='ltr'><strong>ἔρρει.</strong></span> 
     </span>
     <span class='ocr_line' id='line_1_33' title="bbox 402 2996 2228 3081; baseline -0.002 -21"><span class='ocrx_word' id='word_1_230' title='bbox 402 2996 507 3062; x_wconf 82' lang='grc' dir='ltr'><strong>ΙΘ.</strong></span> <span class='ocrx_word' id='word_1_231' title='bbox 561 2996 1030 3081; x_wconf 83' lang='grc' dir='ltr'><strong>”Αφρων.γίνου,</strong></span> <span class='ocrx_word' id='word_1_232' title='bbox 1051 2996 1194 3058; x_wconf 80' lang='grc' dir='ltr'><strong>ὅταν</strong></span> <span class='ocrx_word' id='word_1_233' title='bbox 1209 2997 1278 3060; x_wconf 87' lang='grc' dir='ltr'><strong>τό</strong></span> <span class='ocrx_word' id='word_1_234' title='bbox 1296 3019 1361 3060; x_wconf 86' lang='grc' dir='ltr'><strong>τε</strong></span> <span class='ocrx_word' id='word_1_235' title='bbox 1376 2997 1606 3081; x_wconf 81' lang='grc' dir='ltr'><strong>πρᾶγμ’</strong></span> <span class='ocrx_word' id='word_1_236' title='bbox 1626 2998 1661 3060; x_wconf 82' lang='grc' dir='ltr'>ὅ</span> <span class='ocrx_word' id='word_1_237' title='bbox 1676 3021 1741 3061; x_wconf 89' lang='grc' dir='ltr'><strong>τε</strong></span> <span class='ocrx_word' id='word_1_238' title='bbox 1758 3000 1969 3080; x_wconf 83' lang='grc' dir='ltr'><strong>καιρὸς</strong></span> <span class='ocrx_word' id='word_1_239' title='bbox 1985 2999 2228 3079; x_wconf 80' lang='grc' dir='ltr'><strong>ἀπαιτῇ.</strong></span> 
     </span>
     <span class='ocr_line' id='line_1_34' title="bbox 569 3080 2229 3167; baseline -0.001 -23"><span class='ocrx_word' id='word_1_240' title='bbox 569 3080 963 3165; x_wconf 88' lang='grc' dir='ltr'><strong>Ἀφροσύνης</strong></span> <span class='ocrx_word' id='word_1_241' title='bbox 1010 3080 1322 3164; x_wconf 83' lang='grc' dir='ltr'><strong>ἐπίκαιρος</strong></span> <span class='ocrx_word' id='word_1_242' title='bbox 1370 3081 1700 3167; x_wconf 83' lang='grc' dir='ltr'><strong>ὑπόκρισις,</strong></span> <span class='ocrx_word' id='word_1_243' title='bbox 1747 3082 1875 3144; x_wconf 64' lang='grc' dir='ltr'><strong>ἐστὶ,</strong></span> <span class='ocrx_word' id='word_1_244' title='bbox 1920 3080 2229 3165; x_wconf 85' lang='grc' dir='ltr'><strong>φρόνησις.</strong></span> 
     </span>
    </p>
   </div>
   <div class='ocr_carea' id='block_1_4' title="bbox 287 3163 2229 3250">
    <p class='ocr_par' dir='ltr' id='par_1_4' title="bbox 287 3163 2229 3250">
     <span class='ocr_line' id='line_1_35' title="bbox 287 3163 2229 3250; baseline -0.002 -21"><span class='ocrx_word' id='word_1_245' title='bbox 287 3174 291 3180; x_wconf 78' lang='grc'><em>“</em></span> <span class='ocrx_word' id='word_1_246' title='bbox 405 3163 482 3229; x_wconf 87' lang='lat' dir='ltr'><strong>K.</strong></span> <span class='ocrx_word' id='word_1_247' title='bbox 566 3164 977 3249; x_wconf 84' lang='grc' dir='ltr'><strong>Ἀμφότερον,</strong></span> <span class='ocrx_word' id='word_1_248' title='bbox 1004 3166 1105 3228; x_wconf 90' lang='grc' dir='ltr'><strong>καὶ</strong></span> <span class='ocrx_word' id='word_1_249' title='bbox 1139 3165 1564 3250; x_wconf 89' lang='grc' dir='ltr'><strong>σμικρολόγος,</strong></span> <span class='ocrx_word' id='word_1_250' title='bbox 1592 3168 1693 3229; x_wconf 86' lang='grc' dir='ltr'><strong>καὶ</strong></span> <span class='ocrx_word' id='word_1_251' title='bbox 1723 3166 1966 3232; x_wconf 86' lang='grc' dir='ltr'><strong>ἄσωτος</strong></span> <span class='ocrx_word' id='word_1_252' title='bbox 1992 3165 2229 3229; x_wconf 78' lang='grc' dir='ltr'><strong>ἀκούειν</strong></span> 
     </span>
    </p>
   </div>
   <div class='ocr_carea' id='block_1_5' title="bbox 404 3249 2222 3588">
    <p class='ocr_par' dir='ltr' id='par_1_5' title="bbox 404 3249 2209 3420">
     <span class='ocr_line' id='line_1_36' title="bbox 576 3249 2209 3335; baseline 0 -23"><span class='ocrx_word' id='word_1_253' title='bbox 576 3250 805 3332; x_wconf 80' lang='grc' dir='ltr'><strong>Φεῦγε.</strong></span> <span class='ocrx_word' id='word_1_254' title='bbox 850 3250 991 3313; x_wconf 76' lang='grc' dir='ltr'><strong>τάδ’</strong></span> <span class='ocrx_word' id='word_1_255' title='bbox 1040 3249 1231 3335; x_wconf 81' lang='grc' dir='ltr'><strong>ἄμφω</strong></span> <span class='ocrx_word' id='word_1_256' title='bbox 1282 3253 1454 3334; x_wconf 81' lang='grc' dir='ltr'><strong>ὁμῶς</strong></span> <span class='ocrx_word' id='word_1_257' title='bbox 1493 3251 1740 3335; x_wconf 73' lang='grc' dir='ltr'><strong>εὐδοξίῃ</strong></span> <span class='ocrx_word' id='word_1_258' title='bbox 1785 3249 2209 3313; x_wconf 86' lang='grc' dir='ltr'><strong>ἀντιπέπονθε.</strong></span> 
     </span>
     <span class='ocr_line' id='line_1_37' title="bbox 404 3331 2168 3420; baseline -0.001 -22"><span class='ocrx_word' id='word_1_259' title='bbox 404 3331 540 3399; x_wconf 92' lang='lat' dir='ltr'><strong>KA.</strong></span> <span class='ocrx_word' id='word_1_260' title='bbox 575 3332 679 3416; x_wconf 84' lang='grc' dir='ltr'><strong>Μὴ</strong></span> <span class='ocrx_word' id='word_1_261' title='bbox 721 3335 1043 3398; x_wconf 84' lang='grc' dir='ltr'><strong>πίστευσον</strong></span> <span class='ocrx_word' id='word_1_262' title='bbox 1091 3336 1188 3398; x_wconf 90' lang='grc' dir='ltr'><strong>ἀεὶ</strong></span> <span class='ocrx_word' id='word_1_263' title='bbox 1234 3336 1323 3420; x_wconf 88' lang='grc' dir='ltr'><strong>τῷ</strong></span> <span class='ocrx_word' id='word_1_264' title='bbox 1367 3335 1819 3418; x_wconf 86' lang='grc' dir='ltr'><strong>ἀπαγγέλλοντί</strong></span> <span class='ocrx_word' id='word_1_265' title='bbox 1857 3357 1956 3397; x_wconf 92' lang='grc' dir='ltr'><strong>σοι</strong></span> <span class='ocrx_word' id='word_1_266' title='bbox 2001 3334 2168 3397; x_wconf 87' lang='grc' dir='ltr'><strong>ἅττα.</strong></span> 
     </span>
    </p>

    <p class='ocr_par' dir='ltr' id='par_1_6' title="bbox 405 3419 2222 3588">
     <span class='ocr_line' id='line_1_38' title="bbox 576 3419 2187 3503; baseline -0.001 -22"><span class='ocrx_word' id='word_1_267' title='bbox 576 3421 692 3481; x_wconf 86' lang='grc' dir='ltr'><strong>Δεῖ</strong></span> <span class='ocrx_word' id='word_1_268' title='bbox 730 3419 845 3503; x_wconf 87' lang='grc' dir='ltr'><strong>γὰρ</strong></span> <span class='ocrx_word' id='word_1_269' title='bbox 885 3420 1187 3482; x_wconf 80' lang='grc' dir='ltr'><strong>πιστεύειν</strong></span> <span class='ocrx_word' id='word_1_270' title='bbox 1240 3420 1443 3501; x_wconf 83' lang='grc' dir='ltr'><strong>ὀλίγον</strong></span> <span class='ocrx_word' id='word_1_271' title='bbox 1488 3423 1616 3488; x_wconf 86' lang='grc' dir='ltr'><strong>τοῖς</strong></span> <span class='ocrx_word' id='word_1_272' title='bbox 1655 3419 1861 3482; x_wconf 88' lang='grc' dir='ltr'><strong>πολλὰ</strong></span> <span class='ocrx_word' id='word_1_273' title='bbox 1910 3420 2187 3482; x_wconf 80' lang='grc' dir='ltr'><strong>λαλοῦσι.</strong></span> 
     </span>
     <span class='ocr_line' id='line_1_39' title="bbox 405 3501 2222 3588; baseline -0.003 -20"><span class='ocrx_word' id='word_1_274' title='bbox 405 3501 542 3568; x_wconf 88' lang='grc' dir='ltr'><strong>ΚΒ.</strong></span> <span class='ocrx_word' id='word_1_275' title='bbox 564 3501 676 3566; x_wconf 90' lang='grc' dir='ltr'><strong>Ἢν</strong></span> <span class='ocrx_word' id='word_1_276' title='bbox 705 3526 759 3565; x_wconf 87' lang='grc' dir='ltr'><strong>τι</strong></span> <span class='ocrx_word' id='word_1_277' title='bbox 799 3502 962 3587; x_wconf 78' lang='grc' dir='ltr'><strong>μέθῃ</strong></span> <span class='ocrx_word' id='word_1_278' title='bbox 1010 3505 1292 3587; x_wconf 83' lang='grc' dir='ltr'><strong>πταίσῃς,</strong></span> <span class='ocrx_word' id='word_1_279' title='bbox 1344 3502 1515 3567; x_wconf 82' lang='grc' dir='ltr'><strong>οὔτοι</strong></span> <span class='ocrx_word' id='word_1_280' title='bbox 1563 3503 1923 3588; x_wconf 89' lang='grc' dir='ltr'><strong>σύ[γ]γνωθι</strong></span> <span class='ocrx_word' id='word_1_281' title='bbox 1970 3506 2222 3587; x_wconf 87' lang='grc' dir='ltr'><strong>σεαυτῷ.</strong></span> 
     </span>
    </p>
   </div>
  </div>
 </body>
</html>
