2452 4186
1006 324 1304 419 -qum

821 482 901 549 ‘H
946 488 1162 571 ῥαδινὴ
1212 487 1469 571 Μελίτη.
1882 496 2065 575 ζ(74)

245 572 531 633 Nondum
581 572 760 632 etiam
805 574 961 634 senii
1004 579 1123 636 sub.
1159 578 1391 649 limine,
1435 579 1677 654 puberis
1723 580 1855 638 aevi

327 659 585 731 Interiit,
620 658 850 730 Melite,
886 664 1094 737 ,gratia
1133 663 1329 738 prima
1369 664 1473 721 tui.

243 745 537 804 Malarum
585 742 694 803 sed
738 745 933 803 adhuc
976 748 1258 824 splendet
1300 748 1480 806 nitor.
1528 747 1752 806 eminet
1792 749 1943 808 illex

326 829 438 888 Vis
482 828 661 888 oculi.
709 831 1026 890 Annorum
1070 841 1165 891 est
1206 833 1318 892 sed
1349 852 1543 908 neque
1578 852 1815 892 summa
1842 836 2067 895 brevis.

240 918 442 989 Atque
482 913 776 991 puellaris
818 926 1020 974 manet
1057 918 1164 975 illa
1203 918 1530 994 protervia.
1577 918 1675 978 Ob
1718 920 1899 992 istud,

327 1000 597 1076 Tempus
644 1009 920 1059 naturam
964 1003 1203 1061 vincere
1249 1021 1451 1079 posse,
1499 1023 1676 1081 nego.

819 1165 1115 1231 Σπεύδων
1167 1169 1222 1230 εἰ
1269 1168 1489 1252 φιλέει.
1882 1173 2070 1250 ζ(75)

240 1255 606 1331 Experiens,
651 1273 828 1329 quam
870 1275 966 1313 me
1011 1276 1128 1314 non
1174 1257 1444 1334 segniter
1487 1257 1656 1314 ardet
1696 1259 1988 1329 Brenthe,

331 1339 433 1400 Sic
473 1360 588 1418 ego
635 1358 742 1398 cor
779 1341 917 1398 ficte
968 1343 1444 1417 compositisque
1488 1341 1640 1400 dolis

241 1425 693 1502 Adgrediebar:
738 1425 872 1502 Ego
922 1426 1141 1484 dicam:
1185 1426 1316 1484 Iam
1361 1427 1584 1503 migro:
1629 1445 1880 1503 peregre

244 1499 263 1511 ”
329 1510 472 1569 Ibo:
515 1510 691 1581 Vale,
734 1529 805 1567 ac
845 1511 1036 1568 nostri
1080 1511 1235 1583 vive,
1281 1511 1502 1587 puella,
1549 1531 1792 1569 memor.

245 1597 571 1673 Ingemuit,
617 1614 813 1668 neque
860 1596 1166 1666 sustinuit,
1210 1596 1592 1671 frontemque
1637 1598 1857 1669 ferivit,

332 1682 412 1738 Et
448 1682 665 1739 cirrum
706 1699 738 1736 e
779 1688 939 1737 torta
981 1680 1224 1739 discidit
1259 1701 1459 1760 ungue
1505 1700 1700 1753 coma,

246 1765 330 1825 Ut
374 1784 773 1840 maneamque
816 1773 1010 1842 rogat.
1048 1766 1263 1824 Fracto
1304 1787 1421 1825 non
1468 1768 1675 1826 tardus
1729 1768 1927 1828 ocello

332 1849 617 1923 Credere,
657 1850 732 1907 do
780 1850 966 1909 victas
1008 1851 1267 1909 utilitate
1314 1871 1547 1911 manus.

248 1932 397 1995 Sum
435 1936 584 1994 felix
627 1936 765 1994 voti.
817 1934 979 1993 Nam
1018 1935 1180 2010 quod
1224 1938 1447 1996 fecisse
1490 1937 1767 1996 volebam

334 2020 624 2080 Officium
667 2029 728 2078 et
764 2039 980 2079 munus
1023 2022 1139 2080 hoc
1183 2023 1360 2097 quasi
1403 2023 1628 2101 grande
1669 2023 1824 2082 dedi.

755 2185 1031 2270 Υπομνη
1042 2190 1257 2252 στικὸν
1887 2195 1916 2261 ζ
1938 2195 2075 2271 (76)

756 2268 1021 2333 Ἐνθάὸε
1071 2273 1178 2353 μὲν
1225 2274 1570 2356 χλοάουσα.

246 2358 371 2418 Hic
408 2378 554 2436 ager
596 2361 883 2418 umbroso
921 2379 1229 2418 ramorum
1269 2361 1533 2435 tegmine
1575 2382 1835 2422 vernans

333 2445 707 2504 Fructiferae
750 2444 980 2502 frondis
1023 2444 1289 2520 explicat
1328 2463 1503 2501 omne
1545 2446 1750 2506 decus.

248 2530 369 2588 Hic
415 2529 640 2607 clangit
676 2548 890 2588 versus
932 2547 1356 2604 cupressorum
1407 2530 1565 2587 inter
1603 2549 1830 2608 opacos

333 2614 653 2673 Pullorum
696 2623 886 2673 mater
931 2634 1112 2672 rauca
1154 2614 1423 2673 cohortis
1477 2616 1629 2674 avis.

244 2699 370 2759 Hic
412 2698 712 2777 fringultit
757 2700 1053 2772 acanthis,
1099 2708 1159 2757 et
1202 2700 1300 2757 hic
1335 2701 1618 2758 acredula
1657 2710 1906 2777 questus

333 2786 724 2864 Ingeminans
769 2787 925 2843 inter
971 2786 1163 2844 densa
1199 2786 1413 2843 rubeta
1460 2786 1647 2844 sedet.

248 2868 399 2943 Quis
448 2871 596 2928 mihi
633 2871 811 2929 ludus
858 2871 919 2928 in
966 2871 1084 2943 his,
1130 2889 1262 2929 cum
1311 2888 1416 2928 vos
1461 2872 1669 2929 audire
1709 2872 2030 2946 loquentes

335 2955 571 3028 Malim,
612 2974 788 3030 quam
829 2955 1081 3014 Phoebo
1123 2975 1280 3031 quae
1322 2964 1505 3013 sonat
1546 2957 1668 3014 icta
1705 2957 1959 3033 chelys?

249 3043 477 3115 Atquin
524 3059 621 3098 me
664 3041 888 3116 duplex
929 3049 1175 3098 exercet
1222 3059 1384 3098 cura.
1432 3040 1652 3099 Videre

334 3125 494 3185 Nam
537 3127 704 3198 volo,
755 3145 987 3185 summe
1024 3125 1240 3197 virum,
1282 3133 1365 3197 te,
1411 3125 1835 3199 Damalimque
1859 3144 2077 3200 meam,

252 3208 386 3284 Qua
436 3211 636 3269 caleo:
685 3212 796 3270 sed
838 3231 936 3269 me
976 3210 1124 3267 iuris
1167 3210 1377 3282 tutela,
1419 3211 1673 3286 piusque

334 3295 665 3355 Dorcalide
708 3315 745 3354 a
780 3305 1000 3356 ,tenera
1043 3304 1166 3352 tam
1205 3294 1416 3370 procul
1460 3303 1625 3352 arcet
1668 3296 1881 3354 honos.

919 3461 1161 3544 Θεσμὸν
1200 3457 1424 3544 ’QEpmc
1891 3465 1923 3532 ζ
1942 3465 2080 3540 (77)

256 3548 356 3608 Ius
399 3524 597 3609 nescit
640 3550 941 3609 violentus
985 3554 1194 3610 Amor.
1242 3550 1542 3608 Diducere
1584 3557 1888 3609 amantem
