2452 4186
1128 331 1253 392 293

271 500 738 574 Promiseuique
776 499 991 576 volgus
1037 504 1292 561 armenti
1336 520 1547 561 avoco.

271 585 371 643 Ibi
410 587 664 643 buceras
712 587 1019 644 sternebat
1062 588 1430 660 animantes,
1466 587 1616 645 nihil
2098 599 2168 652 55

271 670 542 728 Parcens
587 669 810 727 furori:
851 662 1035 728 'modo
1074 681 1320 730 cruenta
1354 672 1635 731 credulus

272 756 462 813 Manu
501 770 720 812 necare
769 756 1006 831 gemina
1050 757 1297 816 Atridas
1344 776 1633 835 corpora:
1670 781 1678 793 ·

272 841 451 898 Modo
492 839 673 911 hunc,
717 841 900 897 modo
945 841 1114 901 illum
1156 843 1389 900 scilieet
1434 850 1703 900 mactans
1742 842 1973 900 ducem.

274 929 392 982 Ast
430 942 540 1000 ego
580 925 772 981 virum
816 925 1015 983 furore
1043 935 1387 986 «torrentem
1431 946 1584 1005 vago

272 1010 605 1087 Urgebam,
647 1010 711 1066 in
755 1009 906 1068 altos
953 1011 1212 1071 induens
1256 1032 1464 1072 casses
1508 1013 1670 1071 mali.
2096 1018 2169 1072 60

275 1094 611 1170 Postquam
656 1094 892 1153 remisit
931 1097 1025 1154 vis
1074 1097 1300 1156 furoris
1347 1098 1421 1155 de
1460 1117 1629 1170 nece,

275 1181 570 1237 Armenta
609 1178 748 1236 viva
792 1182 1215 1257 compedarum
1251 1182 1509 1241 vinculis

277 1263 549 1340 Captiva,
594 1264 704 1322 sed
745 1282 878 1321 oum
921 1267 1204 1343 gregibus
1247 1267 1489 1326 abducit
1526 1267 1794 1341 domum,

274 1349 580 1409 Homines
628 1356 844 1423 putans
891 1353 1155 1428 abigere,
1204 1372 1323 1409 non
1367 1353 1577 1410 brutos
1617 1371 1864 1430 greges:

279 1435 454 1510 Quos
499 1452 658 1491 nunc
700 1435 957 1511 flagellis
1003 1437 1219 1511 accipit
1259 1436 1497 1496 vinctos
1541 1437 1718 1496 male.
2097 1448 2166 1500 65

272 1522 407 1597 Age
453 1520 684 1576 huncce
724 1520 907 1578 sodes
955 1522 1214 1578 indicem
1261 1524 1532 1580 morbum
1574 1522 1705 1594 tibi,

274 1605 343 1663 In
389 1604 604 1681 volgus
646 1612 714 1662 ut
759 1623 894 1662 eum
940 1606 1207 1680 differas,
1251 1606 1354 1665 ubi
1394 1607 1637 1665 videris.

271 1688 371 1748 Ne
417 1689 730 1762 defetisce,
780 1708 932 1748 neve
972 1692 1193 1767 deputa
1236 1692 1300 1749 in
1345 1692 1505 1749 malo

276 1774 605 1833 Hominem
650 1773 872 1832 videre.
918 1775 1212 1834 luminum
1258 1796 1509 1836 aversos
1555 1795 1670 1853 ego

275 1860 476 1920 Orbes
522 1861 850 1931 reflectam,
897 1880 1016 1935 quo
1061 1862 1259 1920 minus
1303 1870 1365 1918 te
1410 1861 1645 1919 viderit.
2097 1870 2166 1922 70

356 1945 412 2005 Ο
464 1945 567 2019 qui
607 1944 894 2002 revinctis
941 1947 1216 2004 manibus
1265 1947 1551 2005 abductas
1595 1946 1725 2023 agis

274 2029 609 2088 Hominum
657 2037 949 2105 catervas,
998 2032 1113 2088 huc
1156 2032 1466 2105 adesdum,
1506 2041 1567 2088 te
1607 2050 1811 2090 voco.-

271 2117 435 2175 Aiax
478 2115 609 2187 tibi,
651 2116 916 2190 inquam,
961 2117 1110 2175 dico.
1156 2119 1275 2175 iam
1318 2119 1495 2194 prodi
1536 2118 1722 2176 foras.

273 2201 372 2261 Ul.
474 2200 635 2275 Quid
659 2201 813 2277 agie,
859 2202 1175 2260 Minerva?
1218 2222 1296 2260 ne
1333 2204 1501 2261 foras
1531 2202 1842 2268 hominum
1880 2218 2093 2257 evoca:

272 2287 376 2344 Mi.
466 2281 673 2343 Potin’
722 2304 787 2343 es
833 2287 1074 2344 tacere?
1116 2305 1228 2343 neo
1270 2288 1381 2345 tibi
1422 2294 1644 2344 metum
1692 2286 1906 2345 obiice.
2096 2292 2165 2346 75

271 2370 372 2430 Ul.
473 2368 592 2443 Ne,
640 2372 885 2428 amabo:
933 2371 1043 2429 sed
1081 2372 1391 2429 contineat
1425 2372 1590 2429 intus
1637 2388 1705 2427 se
1750 2365 1927 2428 domi.

269 2457 376 2517 Mi.
466 2456 718 2513 Frustra
755 2455 1002 2514 vereris.
1066 2475 1184 2513 non
1229 2455 1322 2513 vir
1364 2456 1524 2512 idem
1566 2462 1679 2528 est,
1719 2455 1821 2530 qui
1864 2452 2049 2528 prius.

270 2540 372 2601 Ul.
475 2540 626 2597 Mihi
671 2541 867 2599 hostis
910 2541 1069 2598 idem
1117 2548 1210 2599 est
1252 2540 1413 2616 ipse,
1456 2541 1556 2614 qui
1603 2540 1767 2615 prius
1809 2538 1941 2596 fuit.

269 2627 376 2684 Mi.
468 2624 730 2682 Illudere
773 2625 936 2683 hosti
975 2626 1151 2684 ludus
1198 2635 1293 2684 est
1331 2626 1767 2684 suavissumus.

270 2710 370 2770 Ul.
471 2710 623 2768 Mihi
669 2710 909 2785 quidem
948 2711 1191 2769 isthune
1229 2711 1391 2769 intus
1437 2711 1662 2768 includi
1708 2717 1804 2769 sat
1846 2716 1958 2768 est.
2096 2716 2167 2770 80

267 2797 374 2854 Mi.
465 2793 796 2852 Hominem
839 2796 1046 2854 videre
1085 2796 1304 2854 mentis
1351 2797 1642 2873 impotem
1678 2795 1883 2872 fugis?

268 2880 369 2940 Ul.
470 2879 692 2938 Videre
730 2882 950 2939 mentis
993 2889 1337 2957 compotem
1378 2900 1624 2958 compos
1668 2899 1902 2955 queam.

266 2966 374 3024 Mi.
467 2968 550 3023 At
574 2981 710 3023 ‘non
751 2966 978 3024 videbit
1015 2975 1072 3023 te
1115 2967 1377 3041 quidem,
1420 2968 1692 3041 quamvis
1732 2979 1948 3043 prope.
2025 3041 2028 3044 Ι

268 3050 369 3110 Ul.
477 3046 601 3108 Gur
637 3071 783 3123 non,
835 3052 890 3109 si
911 3050 1073 3108 idem
1099 3052 1290 3111 oculis
1315 3053 1520 3110 lumen
1547 3057 1822 3127 usurpat,
1845 3051 2094 3126 potest?

266 3137 374 3195 Mi.
464 3135 665 3208 Faxo,
704 3142 764 3192 te
808 3144 873 3192 ut
914 3137 1106 3194 oculis
1151 3136 1250 3195 vel
1285 3138 1497 3195 videns
1543 3157 1663 3193 non
1707 3134 1943 3193 viderit.
2095 3138 2165 3192 85

268 3220 370 3280 Ul.
475 3221 710 3278 Mutare
754 3239 1036 3298 magnum
1073 3221 1166 3279 fas
1206 3222 1497 3298 nefasque
1540 3220 1678 3279 Diis
1721 3220 1858 3279 leve
1902 3227 2013 3279 est.

267 3307 375 3364 Mi.
475 3304 660 3377 Tace,
701 3312 762 3363 et
801 3306 1064 3380 quiesce,
1108 3313 1288 3381 teque
1332 3306 1395 3363 in
1442 3307 1559 3364 hoe
1598 3313 1758 3364 statu
1800 3312 1961 3363 tene.

269 3390 370 3450 Ul.
480 3388 725 3448 Certum
771 3398 865 3449 est
901 3399 1126 3449 tenere.
1171 3391 1278 3449 sed
1323 3391 1475 3450 foris
1525 3391 1767 3448 mallem
1810 3398 2034 3450 tamen.

268 3476 375 3534 Mi.
467 3474 642 3533 Heus
668 3483 749 3548 te,
781 3471 1031 3533 audin'?
1057 3476 1237 3549 Aiax,
1266 3494 1476 3534 rursus
1501 3476 1770 3552 appello.
1792 3477 1908 3534 hue
1925 3476 2092 3534 ades·

272 3558 398 3618 Gur
441 3579 665 3618 numen
703 3560 992 3618 auxiliare
1032 3568 1154 3618 tam
1198 3560 1370 3638 parvi
1418 3560 1611 3620 facis?
2094 3558 2166 3611 90
