2452 4186
1086 333 1209 391 333

236 493 636 573 Giganticidis
686 499 1027 575 interempti
1075 501 1329 576 spiculis

230 582 324 640 Ab
369 582 563 655 hoste,
614 583 807 641 obibit
850 595 1043 642 morte
1087 588 1387 644 communi
1430 588 1588 647 diem

228 667 397 725 Falis
444 668 520 725 ab
561 667 702 726 altis
747 668 825 725 ad
870 670 1128 728 cadaver
1166 673 1439 730 saucium
2092 673 2162 727 65

231 750 462 827 Corpus
504 753 682 810 ruina
722 772 1007 811 cernuum
1052 756 1116 813 in
1160 774 1457 834 praeceps
1504 779 1724 820 ruens:

228 837 308 895 Et
355 845 501 894 tunc
545 839 807 897 recentis
849 839 971 897 icta
1010 859 1216 899 amore
1262 844 1497 915 mortui,

226 923 358 979 Iam
398 922 725 998 palpitanti
767 924 1043 1001 spiritum
1081 927 1313 983 efflabit
1355 928 1500 986 viro·

227 1006 479 1084 Duplex
523 1015 690 1065 tuum
730 1009 1071 1084 triplexque
1117 1010 1342 1069 bellum
1394 1032 1734 1089 conqueror

220 1092 324 1172 ‚Ad
362 1111 534 1149 arma
573 1112 783 1152 rursus
831 1103 890 1151 et
929 1095 1179 1170 rapinas
1226 1097 1486 1172 aedium,
2094 1101 2165 1154 70

230 1176 469 1252 Tuique
519 1185 576 1235 te
619 1178 821 1255 ignem
864 1187 1153 1238 contuere
1193 1181 1478 1241 incendii.
1713 1185 2058 1261 [contum-U]

227 1262 368 1321 Heu
409 1262 631 1339 patria,
677 1271 736 1320 et
779 1283 891 1323 vos
935 1266 1115 1323 busta
1154 1267 1283 1323 nati
1323 1267 1654 1327 Atlantidis

229 1347 536 1406 Audacter
572 1348 870 1406 urinantis
918 1349 1088 1421 olim,
1135 1369 1269 1408 cum
1318 1362 1452 1410 cute

231 1431 383 1492 Suta
420 1433 725 1491 revinctus
773 1451 1009 1509 corpus,
1056 1444 1188 1492 utre
1235 1446 1500 1510 scorteo,

229 1517 308 1575 Et
353 1518 548 1590 solus,
594 1526 660 1576 ut
701 1537 849 1595 aper
892 1520 1239 1596 quadrupes
1283 1521 1652 1599 Hercynius,
2095 1526 2165 1579 75

228 1602 721 1679 Rhithymniates
759 1603 927 1661 navit
966 1612 1033 1661 ut
1067 1604 1235 1663 larus
1274 1607 1513 1680 fretum,

231 1688 507 1746 Zerinthi
552 1690 781 1746 hiatum
828 1690 1077 1765 virginis
1123 1689 1424 1749 Canariae

228 1774 568 1848 Linquens‚
615 1773 938 1849 Deumque
981 1782 1142 1832 tecta
1181 1776 1602 1836 Lucumonum
1650 1773 1866 1836 Saum:

234 1857 384 1918 Cum
429 1860 752 1916 corruebat
790 1878 1028 1916 omnem
1075 1861 1322 1918 humum
1364 1862 1696 1938 Diespitris

229 1944 454 2020 Rapax
500 1944 735 2019 aqualis
784 1945 1047 2016 nimbus,
1093 1954 1151 2002 et
1194 1955 1400 2021 putres
1441 1948 1577 2006 solo
1833 1987 1834 1990 η
2094 1948 2166 2001 80

227 2029 419 2088 Falae
463 2029 820 2087 fatiscentes
862 2029 1174 2103 lababant,
1224 2040 1286 2088 at
1331 2051 1524 2110 genus

227 2115 564 2174 Hominum
609 2116 857 2172 natabat
898 2116 1113 2175 ultimo
1155 2119 1452 2193 periculo.

228 2205 310 2259 At
360 2201 589 2277 fagum,
635 2210 694 2257 et
731 2201 953 2258 almum
1000 2202 1281 2274 fructum,
1328 2213 1387 2260 et
1424 2222 1603 2261 uvam
1649 2210 1947 2262 musteam

232 2287 551 2359 Orcaeque
592 2293 716 2343 tum
762 2285 1127 2361 Delphines,
1174 2296 1355 2361 atque
1401 2287 1738 2347 masculum

228 2371 473 2429 Phocae
522 2371 827 2428 esitabant
865 2370 928 2426 in
971 2371 1121 2428 toris
1167 2372 1532 2430 mortalium.
2096 2376 2167 2430 85

231 2456 428 2515 Adest
467 2456 642 2514 adest
684 2456 791 2513 sax
831 2455 1101 2513 involuta
1136 2455 1413 2513 incendio

231 2541 535 2599 Praedam
581 2541 644 2598 in
686 2540 1004 2598 columbae
1048 2549 1245 2598 morte
1291 2540 1639 2599 multandae
1686 2540 1880 2611 canis,

231 2626 455 2685 Vultur
499 2626 784 2701 palustris
833 2645 1009 2700 quam
1053 2626 1241 2683 edidit
1285 2635 1421 2684 satu
1464 2646 1575 2685 suo

236 2712 462 2770 Testae
499 2711 790 2769 rotundae
835 2711 1215 2769 convolutam
1265 2712 1516 2769 fornice.

233 2798 317 2855 At
354 2797 686 2871 hospitalis
727 2796 925 2853 infera
966 2797 1129 2853 unda
1163 2797 1454 2874 remigem
2097 2799 2170 2852 90

237 2882 327 2939 Te
375 2882 752 2952 muricidam‚
800 2900 911 2938 nec
960 2883 1287 2939 bucerdam
1332 2883 1395 2939 in
1433 2882 1646 2958 patriis

237 2966 447 3027 Oaulis
488 2973 839 3042 prementen
883 2967 1157 3042 scrupeis
1198 2967 1394 3024 adhuc
1435 2976 1659 3039 manet,

234 3052 319 3112 Ut
361 3060 502 3109 ante
536 3051 1001 3128 pulchritudinis
1042 3052 1221 3108 trium
1268 3053 1586 3111 arbitrum:

238 3138 363 3197 Sed
401 3157 513 3212 pro
563 3137 906 3212 mapalibus
955 3145 1017 3193 tu
1061 3136 1260 3195 Aselli
1304 3138 1571 3209 mattiaS,

235 3223 316 3281 Et
352 3222 488 3280 Lan
540 3222 766 3279 adibis:
811 3240 921 3296 pro
968 3223 1145 3279 boum
1188 3223 1614 3298 praesepibuS,
2097 3228 2168 3282 95

239 3307 665 3381 Ovilibusque,
707 3325 934 3382 proque
977 3307 1202 3364 rustico
1246 3307 1399 3382 pedo
2043 3310 2047 3316 “

234 3393 438 3450 Vehet
480 3392 710 3450 faselus
751 3399 812 3448 te
855 3400 915 3448 et
957 3391 1259 3448 Phereclii
1298 3392 1489 3469 pedes

236 3477 489 3536 Festras
535 3476 853 3554 gemellas,
892 3476 1074 3551 inque
1117 3474 1328 3552 Gythii
1370 3477 1531 3553 iuga,

240 3562 362 3622 Ubi
402 3563 480 3619 ad
524 3563 819 3621 scabrosa
865 3581 1016 3620 saxa
1053 3562 1347 3637 pandatos
1387 3561 1563 3619 luens
1611 3604 1616 3609 .
