2452 4186
1236 304 1314 365 46

364 470 516 539 ἴσοις
561 471 847 554 ἀμείβου,
882 474 1052 542 σῶζε
1098 472 1198 532 τὸν
1248 471 1532 532 σώσαντοὶ
1580 491 1668 531 σε.

362 644 464 703 52.
511 644 612 701 Ad
638 647 850 705 Ianum
877 645 1137 702 Dousam
1171 643 1238 701 V.
1260 643 1418 699 Nob.
1451 643 1848 702 DeMz‘randis
1870 644 2181 703 Bataviae.

359 730 651 807 Ignorata
687 738 827 786 tuae
871 729 1128 785 referam
1174 727 1466 799 miracula
1509 735 1726 798 terrae,

447 814 680 886 Dousa‚
727 814 1066 890 peregrinis
1107 834 1224 870 non
1272 813 1549 869 habitura
1593 813 1790 869 fidem.

363 899 589 960 Omnia
630 899 908 956 lanitium
954 899 1051 955 hie
1092 899 1287 977 lassat
1328 897 1590 954 textrina
1631 896 1958 955 Minervae.

446 985 782 1062 Lanigeros
824 992 1027 1041 tamen
1079 984 1219 1040 hinc
1267 983 1490 1040 scimus
1528 978 1748 1046 abesse
1791 1001 2026 1060 greges.

363 1068 510 1127 Non
554 1071 801 1146 capiunt
840 1088 1056 1145 operas
1093 1068 1343 1125 fabriles
1393 1067 1620 1143 oppida
1657 1076 1879 1125 vestra.

448 1150 638 1212 NuIla
678 1154 870 1215 fabris
916 1163 1120 1211 tamen
1161 1154 1312 1210 haec
1355 1152 1522 1229 ligna
1560 1151 1864 1209 ministrat
1906 1154 2142 1214 humus.

366 1239 602 1297 Horrea
648 1239 916 1296 triticeae
962 1246 1244 1315 rumpunt
1286 1237 1382 1294 hio
1427 1237 1617 1313 frugis
1664 1239 1882 1296 acervi.

448 1324 722 1383 Pascuus
766 1324 863 1381 hic
908 1333 1106 1381 tamen
1152 1331 1265 1395 est,
1316 1342 1435 1380 non
1481 1320 1753 1380 Cerealis
1801 1342 1964 1400 ager.

368 1409 488 1467 Hie
531 1429 861 1468 numerosa
901 1409 1052 1467 meri
1095 1409 1394 1484 stipantur
1445 1406 1610 1465 dolia
1650 1407 1839 1466 cellis.

451 1492 621 1567 Quae
669 1495 869 1552 vineta
913 1495 1070 1552 colat
1112 1493 1281 1550 nulla
1314 1499 1560 1569 putator
1597 1493 1797 1549 habet.

367 1578 487 1636 Hic
530 1579 717 1650 nulla,
765 1587 867 1636 aut
915 1589 1076 1644 certe
1122 1596 1299 1654 seges
1345 1586 1439 1634 est
1477 1577 1795 1635 rarissima
1835 1576 1962 1635 lini.

452 1664 717 1722 Linificii
760 1673 963 1721 tamen
1014 1670 1108 1720 est
1152 1662 1327 1738 copia
1368 1662 1564 1720 maior
1602 1662 1744 1719 ubi?

367 1747 488 1806 Hic
527 1749 745 1807 mediis
784 1749 1089 1805 habitatur
1133 1746 1329 1821 aquis.
1371 1747 1506 1821 quis
1553 1748 1797 1804 credere
1828 1748 2079 1822 possit?

452 1834 532 1892 Et
573 1843 774 1891 tamen
818 1834 915 1890 hic
953 1832 1177 1903 nullae,
1219 1831 1451 1903 Dousa,
1488 1832 1771 1890 bibuntur
1808 1851 2018 1907 aquae.

1052 1919 1218 1975 Idem
1265 1914 1500 1975 Graece.

355 1995 695 2081 ‘mea-&pm
745 1998 903 2081 ἐρέω
953 1997 1269 2081 νηπευθέα
1311 1998 1599 2079 θαύματα
1638 1998 1834 2080 γαίης,

454 2083 791 2167 Δουσιοίδη,
839 2082 1109 2145 δόσπιστ’
1159 2083 1537 2151 ἀλλοδαποῖς
1576 2082 1749 2145 ἀΐειν.

371 2166 614 2230 ἐνταῦθ’
658 2168 769 2230 οὐκ
815 2169 1069 2251 ἀρκοδσ’
1119 2167 1304 2249 ἐρίοις
1348 2169 1596 2235 ἱστῶνες
1632 2167 1931 2250 Ἀθήνης

455 2256 594 2314 πῶϋ
644 2253 712 2314 δὲ
761 2254 1032 2337 φροῦδον
1083 2253 1240 2314 ἅπαν
1284 2251 1622 2335 εἰροπόκων
1669 2252 1838 2315 ὀΐων.

372 2336 562 2401 ἄστεα
609 2339 961 2423 χειροβίους
1016 2338 1088 2399 οὐ
1132 2342 1335 2420 χωρεῖ
1368 2335 1654 2403 τέκτονας
1693 2335 1934 2420 ἄνδρας.

455 2421 787 2506 ἑργασίμης
831 2423 884 2484 δ’
915 2424 1063 2503 ὅλης
1110 2420 1230 2482 ἐστ’
1262 2419 1571 2504 ἀχόρηγον
1620 2421 1777 2488 ἕδος.

374 2506 727 2575 σιτοδόκους
769 2511 966 2590 πυροῦ
1013 2505 1205 2587 σωροὶ
1243 2507 1488 2589 ῥηγνῦσι
1531 2507 1764 2573 καλιάς.

459 2591 756 2676 βούβοτος
794 2593 830 2673 ἢ
869 2594 1018 2674 ,γαίη
1069 2590 1207 2669 δ’[,]
1257 2590 1328 2651 οὐ
1369 2589 1710 2673 φιλόπυρος
1752 2587 1890 2673 ἔφυ.

374 2674 627 2738 ἄπλετοι
672 2676 785 2737 ὧδ’
831 2675 1021 2737 οἴνοιο
1069 2674 1435 2755 νενασμέναι
1482 2676 1597 2737 εἰσὶ
1635 2669 1966 2735 πιθάκναι..

459 2758 712 2826 οὐδενὸς
768 2759 1094 2821 οἰνοπέδου
1148 2759 1202 2820 δ’
1249 2759 1371 2819 ἐστὶ
1418 2759 1785 2842 φυτηκομίη.

373 2842 668 2927 οὐδαμὸς,
707 2843 746 2924 ἢ
797 2845 1064 2913 σπάνιος,
1110 2842 1261 2924 τῇδε-
1301 2840 1528 2925 σπὸρος
1571 2844 1696 2905 ἐστὶ
1735 2842 1946 2904 λίνοιο.

455 2932 575 2990 ποδ
624 2950 773 2989 ποτε
824 2929 877 2989 δ’
921 2928 1034 2989 εἰσὶ
1083 2928 1250 2988 λίνου
1299 2928 1578 2995 πλείονες
1627 2926 1936 3010 ἐργασίαις

373 3012 561 3074 οἰκίαι
603 3013 717 3073 εἰσὶ
756 3012 1026 3094 μέσοισιν
1071 3012 1133 3073 ἐν
1185 3010 1382 3072 ὕδασι.
1429 3012 1513 3079 τίς
1554 3034 1624 3073 κε
1669 3012 1948 3087 πίθοιτος

472 3095 820 3178 Υδροποτεῖ
858 3097 913 3158 δ’
963 3096 1166 3162 οὐδεὶς
1213 3095 1459 3172 ἐνθάδε,
1501 3096 1836 3178 Δουσιοὶδη.

558 3195 710 3257 Lugd
766 3195 883 3243 Bat.
921 3209 1057 3242 anno
1099 3191 1246 3243 1600.

715 3350 822 3424 [53
908 3352 1199 3412 discedens
1243 3350 1431 3407 Roma
1471 3367 1622 3406 anno
1656 3347 1853 3414 4566.

373 3433 672 3511 Spurcum
719 3435 976 3492 cadaver
1015 3433 1313 3511 pristinae
1353 3434 1709 3505 venustam,

372 3520 584 3597 Imago
628 3519 820 3597 turpis
868 3519 1146 3596 puritatis
1194 3520 1498 3594 antiquae,
