2452 4186
1057 298 1176 359 1⁴23

199 468 298 528 55.
382 467 668 526 Prudens
711 467 918 540 futuri,
964 479 1024 525 et
1063 469 1390 527 imminens
1422 467 1710 543 periculis

196 556 513 612 Momenta
556 552 792 611 lubrica
831 561 890 610 et
935 552 1237 612 volubiles
1283 553 1447 610 vices

191 639 503 697 Fortunae
541 637 743 696 inanis
787 638 1091 713 pertinere
1136 638 1213 695 ad
1263 657 1331 696 se
1367 646 1575 714 negat:

193 723 272 781 Et
319 742 529 795 omne,
573 741 690 796 quo
731 722 912 798 plebs
955 741 1198 798 semper
1236 721 1468 781 amisso
1518 721 1699 794 dolet,

191 808 266 865 Id
314 807 758 866 commodatum
805 807 1015 880 credit,
1063 816 1123 866 et
1163 807 1533 884 precarium:

195 887 507 968 Suamque
545 892 745 950 reddit
784 911 915 950 rem
957 893 1307 968 reposcenti
1344 891 1508 964 Deo,

193 976 302 1036 Nil
345 978 782 1054 tergiversans.
832 977 954 1052 Qui
997 986 1368 1053 potestatem
1413 978 1509 1035 sui

191 1057 333 1121 Non
379 1062 530 1120 fecit
568 1062 711 1120 ullis
759 1062 1026 1135 casibus,
1075 1080 1256 1122 casus
1305 1069 1508 1138 potest

190 1147 419 1206 Ridere
459 1155 613 1206 tuto.
662 1145 818 1207 Sunt
861 1147 1021 1205 enim
1069 1147 1422 1207 discrimina

188 1232 434 1291 Animis
482 1232 562 1289 ad
600 1251 780 1292 omne
824 1233 1207 1309 praeparatis
1248 1232 1440 1304 irrita,

192 1316 521 1377 Securitati
567 1335 771 1378 saeva.
857 1316 1029 1390 Quod
1051 1318 1197 1375 ¹fieri
1245 1325 1467 1394 potest,

191 1400 391 1479 Spera
430 1401 715 1459 futurum.
762 1401 846 1459 nil
891 1403 1273 1478 repentinum
1320 1403 1578 1478 ingruet,

192 1485 261 1546 Si
298 1486 592 1561 quidquid
634 1486 812 1559 alias,
854 1505 1039 1563 posse
1075 1506 1235 1545 nunc
1275 1487 1407 1546 fieri
1451 1497 1648 1563 putes.

189 1572 472 1632 Adversa
513 1590 714 1628 rerum
756 1571 842 1629 nil
886 1571 1032 1629 mali
1077 1573 1597 1649 exspectantibu8‚

189 1655 486 1715 Novitate
534 1674 715 1731 quam
758 1656 819 1714 vi
864 1658 1112 1733 saepius
1158 1666 1382 1715 nocent
1427 1675 1559 1716 sua.

193 1739 347 1801 Sese
386 1742 713 1799 instruenti
760 1741 838 1800 ad
878 1751 1112 1814 cuncta,
1154 1743 1208 1801 si
1251 1762 1373 1801 non
1418 1742 1624 1801 omnia

189 1825 272 1887 Ut
315 1826 534 1897 voluit,
575 1835 673 1886 ast
713 1835 779 1884 ut
819 1827 1128 1904 cogitavit,
1166 1827 1464 1885 accidunt.

191 1994 292 2055 56.
382 1995 677 2054 Pars·est
723 1995 907 2054 futuri
946 2014 1168 2072 magna
1207 1995 1489 2072 supplicii
1529 1996 1723 2054 timor.

192 2082 369 2140 Mens
410 2080 652 2139 curiose
696 2080 942 2139 credula
984 2081 1047 2140 in
1098 2101 1329 2159 poenas
1376 2100 1521 2141 suas

195 2164 459 2226 Sensum
505 2173 895 2224 antevertens
937 2167 1179 2226 obviam
1223 2167 1272 2224 it
1313 2168 1534 2226 damno
1583 2185 1719 2237 suo,

193 2252 422 2309 Malum
462 2250 816 2308 imminente
861 2251 1059 2310 maius
1105 2252 1414 2311 intentans
1460 2252 1595 2311 sibi.

194 2335 365 2394 Bene
406 2343 809 2412 praeparatus
853 2337 1036 2395 rebus
1081 2337 1356 2395 adversis
1400 2337 1596 2409 hom0,

197 2419 501 2497 Quidquid
544 2421 809 2478 futurum
848 2421 1284 2497 praestolatur,
1329 2422 1571 2497 excipit.

197 2588 297 2648 57.
386 2588 752 2648 Periculosa
791 2598 887 2650 est
918 2591 1113 2648 omnis
1156 2589 1459 2649 excedens
1504 2589 1750 2648 modum

197 2674 375 2751 Apud
418 2683 743 2753 tyrannum
783 2695 899 2751 par
940 2684 1200 2752 tyranno
1242 2674 1454 2752 gratia.

199 2757 413 2817 Terret
450 2779 747 2834 sequaces
788 2760 1123 2819 aulicorum
1166 2777 1310 2836 spes
1360 2779 1574 2817 canum

197 2844 653 2904 Formidolosus
696 2843 1068 2922 Caprearum
1109 2845 1337 2903 carceri

199 2926 455 2989 Seianus
500 2930 645 2988 olim
687 2931 857 3007 plebi
893 2931 1207 2989 adoratum
1246 2939 1447 3006 caput.

197 3016 545 3073 Ascendere
588 3015 714 3073 alta
755 3024 851 3075 est
898 3016 1173 3089 arduum,
1221 3016 1382 3073 unde
1425 3023 1640 3091 postea

202 3096 453 3178 Cogaris
501 3113 643 3158 ante
690 3101 927 3163 cadere..
970 3120 1150 3175 quam
1187 3101 1579 3159 descendere.

204 3266 298 3326 58.
386 3269 545 3341 Rex,
588 3269 684 3327 cui
727 3269 940 3328 relicta
982 3268 1186 3340 vidua,
1232 3269 1327 3326 cui
1370 3287 1514 3328 suas
1551 3286 1767 3344 preces

199 3350 475 3429 Pupillus
509 3353 705 3425 offert,
749 3355 876 3413 vita
917 3353 1238 3412 adulantes
1280 3373 1497 3426 canes;

201 3434 389 3497 Feros
427 3439 492 3497 in
537 3458 775 3512 omnes,
820 3441 1051 3498 cicures
1098 3439 1202 3497 uni
1248 3440 1377 3497 tibi.

207 3518 313 3580 Cui
356 3543 468 3599 pro
513 3525 783 3603 maligno
827 3534 923 3584 est
962 3542 1143 3600 parce
1182 3524 1461 3595 adulans,
1503 3523 1698 3583 hostis
1742 3530 1837 3581 est
