<?xml version="1.0" encoding="UTF-8"?>
<!DOCTYPE html PUBLIC "-//W3C//DTD XHTML 1.0 Transitional//EN"
    "http://www.w3.org/TR/xhtml1/DTD/xhtml1-transitional.dtd">
<html xmlns="http://www.w3.org/1999/xhtml" xml:lang="en" lang="en">
 <head>
  <title>
</title>
<meta http-equiv="Content-Type" content="text/html;charset=utf-8" />
  <meta name='ocr-system' content='tesseract 3.04.00' />
  <meta name='ocr-capabilities' content='ocr_page ocr_carea ocr_par ocr_line ocrx_word'/>
</head>
<body>
  <div class='ocr_page' id='page_1' title='image "./iosephiscaliger02scalgoog/iosephiscaliger02scalgoog_0246.png"; bbox 0 0 2452 4186; ppageno 0'>
   <div class='ocr_carea' id='block_1_1' title="bbox 1266 312 1395 372">
    <p class='ocr_par' dir='ltr' id='par_1_1' title="bbox 1266 312 1395 372">
     <span class='ocr_line' id='line_1_1' title="bbox 1266 312 1395 372; baseline 0 0"><span class='ocrx_word' id='word_1_1' title='bbox 1266 312 1395 372; x_wconf 75' lang='lat'>244</span> 
     </span>
    </p>
   </div>
   <div class='ocr_carea' id='block_1_2' title="bbox 1177 399 1481 409">
    <p class='ocr_par' dir='ltr' id='par_1_2' title="bbox 1177 399 1481 409">
     <span class='ocr_line' id='line_1_2' title="bbox 1177 399 1481 409; baseline 0 0"><span class='ocrx_word' id='word_1_2' title='bbox 1177 399 1481 409; x_wconf 95' lang='lat' dir='ltr'> </span> 
     </span>
    </p>
   </div>
   <div class='ocr_carea' id='block_1_3' title="bbox 379 473 2016 3611">
    <p class='ocr_par' dir='ltr' id='par_1_3' title="bbox 401 473 1834 1071">
     <span class='ocr_line' id='line_1_3' title="bbox 401 473 1798 560; baseline -0.004 -16"><span class='ocrx_word' id='word_1_3' title='bbox 401 473 581 544; x_wconf 71' lang='lat' dir='ltr'>’Eat&#39;</span> <span class='ocrx_word' id='word_1_4' title='bbox 627 477 760 542; x_wconf 81' lang='grc' dir='ltr'>ἄντ’</span> <span class='ocrx_word' id='word_1_5' title='bbox 809 478 1088 546; x_wconf 81' lang='grc' dir='ltr'>ὀνείδους</span> <span class='ocrx_word' id='word_1_6' title='bbox 1130 475 1192 541; x_wconf 78' lang='grc' dir='ltr'>τ’</span> <span class='ocrx_word' id='word_1_7' title='bbox 1239 477 1460 560; x_wconf 76' lang='grc' dir='ltr'>ἀξίωμ’</span> <span class='ocrx_word' id='word_1_8' title='bbox 1511 476 1798 545; x_wconf 77' lang='grc' dir='ltr'>ἀναξίων.</span> 
     </span>
     <span class='ocr_line' id='line_1_4' title="bbox 414 559 1722 648; baseline -0.002 -22"><span class='ocrx_word' id='word_1_9' title='bbox 414 559 548 626; x_wconf 80' lang='grc' dir='ltr'>Οὐκ</span> <span class='ocrx_word' id='word_1_10' title='bbox 594 560 723 626; x_wconf 84' lang='grc' dir='ltr'>ἔστι</span> <span class='ocrx_word' id='word_1_11' title='bbox 762 562 983 648; x_wconf 81' lang='grc' dir='ltr'>κέρδος</span> <span class='ocrx_word' id='word_1_12' title='bbox 1029 563 1251 645; x_wconf 82' lang='grc' dir='ltr'>ζημίας</span> <span class='ocrx_word' id='word_1_13' title='bbox 1296 562 1503 625; x_wconf 86' lang='grc' dir='ltr'>ἄλλων</span> <span class='ocrx_word' id='word_1_14' title='bbox 1556 560 1722 645; x_wconf 83' lang='grc' dir='ltr'><strong>ἄτερ.</strong></span> 
     </span>
     <span class='ocr_line' id='line_1_5' title="bbox 410 644 1764 732; baseline -0.002 -21"><span class='ocrx_word' id='word_1_15' title='bbox 410 644 683 731; x_wconf 73' lang='grc' dir='ltr'>Ἐνδεῖγ’</span> <span class='ocrx_word' id='word_1_16' title='bbox 736 650 960 732; x_wconf 85' lang='grc' dir='ltr'>ἀσώτῳ</span> <span class='ocrx_word' id='word_1_17' title='bbox 997 647 1232 728; x_wconf 81' lang='grc' dir='ltr'>πολλὰ,</span> <span class='ocrx_word' id='word_1_18' title='bbox 1275 647 1473 709; x_wconf 89' lang='grc' dir='ltr'>πάντα</span> <span class='ocrx_word' id='word_1_19' title='bbox 1516 646 1764 731; x_wconf 88' lang='grc' dir='ltr'>κίμβικι.</span> 
     </span>
     <span class='ocr_line' id='line_1_6' title="bbox 416 730 1834 817; baseline -0.003 -22"><span class='ocrx_word' id='word_1_20' title='bbox 416 731 614 795; x_wconf 92' lang='grc' dir='ltr'>Φύσει</span> <span class='ocrx_word' id='word_1_21' title='bbox 657 733 951 817; x_wconf 90' lang='grc' dir='ltr'>διάδοχος</span> <span class='ocrx_word' id='word_1_22' title='bbox 992 731 1203 800; x_wconf 90' lang='grc' dir='ltr'>πιστός</span> <span class='ocrx_word' id='word_1_23' title='bbox 1249 732 1430 808; x_wconf 86' lang='grc' dir='ltr'>ἐστιν,</span> <span class='ocrx_word' id='word_1_24' title='bbox 1462 730 1553 799; x_wconf 73' lang='grc' dir='ltr'>,οὐ</span> <span class='ocrx_word' id='word_1_25' title='bbox 1600 737 1834 815; x_wconf 78' lang='grc' dir='ltr'>γραφῇ.</span> 
     </span>
     <span class='ocr_line' id='line_1_7' title="bbox 413 813 1812 901; baseline 0 -22"><span class='ocrx_word' id='word_1_26' title='bbox 413 814 522 899; x_wconf 76' lang='grc' dir='ltr'>Τῷ</span> <span class='ocrx_word' id='word_1_27' title='bbox 569 816 728 900; x_wconf 88' lang='grc' dir='ltr'>μέγα</span> <span class='ocrx_word' id='word_1_28' title='bbox 767 820 1093 901; x_wconf 76' lang='grc' dir='ltr'>φρονοῦντι</span> <span class='ocrx_word' id='word_1_29' title='bbox 1131 819 1324 899; x_wconf 80' lang='grc' dir='ltr'>λῆσις,</span> <span class='ocrx_word' id='word_1_30' title='bbox 1365 814 1601 882; x_wconf 82' lang='grc' dir='ltr'>ἀδικίας</span> <span class='ocrx_word' id='word_1_31' title='bbox 1645 813 1812 884; x_wconf 82' lang='grc' dir='ltr'>ἄκος.</span> 
     </span>
     <span class='ocr_line' id='line_1_8' title="bbox 416 897 1663 986; baseline -0.004 -21"><span class='ocrx_word' id='word_1_32' title='bbox 416 897 639 974; x_wconf 78' lang='grc' dir='ltr'>Οἴκτου</span> <span class='ocrx_word' id='word_1_33' title='bbox 687 901 924 986; x_wconf 75' lang='grc' dir='ltr'>βοηθοῦ</span> <span class='ocrx_word' id='word_1_34' title='bbox 965 900 1234 983; x_wconf 80' lang='grc' dir='ltr'>δεομένη</span> <span class='ocrx_word' id='word_1_35' title='bbox 1280 900 1438 983; x_wconf 86' lang='grc' dir='ltr'>δίκη,</span> <span class='ocrx_word' id='word_1_36' title='bbox 1483 900 1663 983; x_wconf 85' lang='grc' dir='ltr'>κακή.</span> 
     </span>
     <span class='ocr_line' id='line_1_9' title="bbox 415 983 1790 1071; baseline 0 -23"><span class='ocrx_word' id='word_1_37' title='bbox 415 985 681 1053; x_wconf 81' lang='grc' dir='ltr'>Φύσεως</span> <span class='ocrx_word' id='word_1_38' title='bbox 721 986 1047 1071; x_wconf 89' lang='grc' dir='ltr'>ἀποτρίβον</span> <span class='ocrx_word' id='word_1_39' title='bbox 1095 1008 1150 1047; x_wconf 89' lang='grc' dir='ltr'>τι</span> <span class='ocrx_word' id='word_1_40' title='bbox 1188 986 1536 1069; x_wconf 87' lang='grc' dir='ltr'>φάρμακον,</span> <span class='ocrx_word' id='word_1_41' title='bbox 1581 983 1790 1048; x_wconf 87' lang='grc' dir='ltr'>κακόν.</span> 
     </span>
    </p>

    <p class='ocr_par' dir='ltr' id='par_1_4' title="bbox 413 1066 1666 1153">
     <span class='ocr_line' id='line_1_10' title="bbox 413 1066 1666 1153; baseline -0.001 -22"><span class='ocrx_word' id='word_1_42' title='bbox 413 1066 489 1131; x_wconf 86' lang='lat' dir='ltr'>T’</span> <span class='ocrx_word' id='word_1_43' title='bbox 538 1070 876 1153; x_wconf 85' lang='grc' dir='ltr'>ἀλλοτρίων</span> <span class='ocrx_word' id='word_1_44' title='bbox 921 1068 1201 1152; x_wconf 89' lang='grc' dir='ltr'>σύνηθες,</span> <span class='ocrx_word' id='word_1_45' title='bbox 1247 1069 1442 1150; x_wconf 77' lang='grc' dir='ltr'>ἡδονὴ</span> <span class='ocrx_word' id='word_1_46' title='bbox 1487 1070 1666 1150; x_wconf 84' lang='grc' dir='ltr'>κακή.</span> 
     </span>
    </p>

    <p class='ocr_par' dir='ltr' id='par_1_5' title="bbox 411 1151 1754 1222">
     <span class='ocr_line' id='line_1_11' title="bbox 411 1151 1754 1222; baseline -0.001 -6"><span class='ocrx_word' id='word_1_47' title='bbox 411 1151 616 1217; x_wconf 88' lang='grc' dir='ltr'>Κακαὶ</span> <span class='ocrx_word' id='word_1_48' title='bbox 714 1155 878 1222; x_wconf 91' lang='grc' dir='ltr'>ύσεις</span> <span class='ocrx_word' id='word_1_49' title='bbox 924 1154 1038 1215; x_wconf 80' lang='grc' dir='ltr'>οὐκ</span> <span class='ocrx_word' id='word_1_50' title='bbox 1084 1153 1312 1221; x_wconf 80' lang='grc' dir='ltr'>ἐνδεεῖς</span> <span class='ocrx_word' id='word_1_51' title='bbox 1357 1153 1754 1215; x_wconf 83' lang='grc' dir='ltr'>διδασκάλου.</span> 
     </span>
    </p>

    <p class='ocr_par' dir='ltr' id='par_1_6' title="bbox 379 1178 2016 2845">
     <span class='ocr_line' id='line_1_12' title="bbox 415 1178 1941 1323; baseline -0.001 -21"><span class='ocrx_word' id='word_1_52' title='bbox 415 1234 549 1302; x_wconf 76' lang='grc' dir='ltr'>Οὔκ</span> <span class='ocrx_word' id='word_1_53' title='bbox 595 1178 805 1323; x_wconf 64' lang='grc' dir='ltr'>ὀρθὸν,</span> <span class='ocrx_word' id='word_1_54' title='bbox 853 1238 889 1301; x_wconf 79' lang='grc' dir='ltr'>ὅ</span> <span class='ocrx_word' id='word_1_55' title='bbox 931 1261 985 1300; x_wconf 90' lang='grc' dir='ltr'>τι</span> <span class='ocrx_word' id='word_1_56' title='bbox 1029 1239 1102 1322; x_wconf 89' lang='grc' dir='ltr'>δὴ</span> <span class='ocrx_word' id='word_1_57' title='bbox 1144 1239 1470 1320; x_wconf 89' lang='grc' dir='ltr'>πράττεται</span> <span class='ocrx_word' id='word_1_58' title='bbox 1502 1236 1697 1300; x_wconf 81' lang='grc' dir='ltr'>πίστει</span> <span class='ocrx_word' id='word_1_59' title='bbox 1731 1237 1941 1323; x_wconf 87' lang='grc' dir='ltr'>τύχης.</span> 
     </span>
     <span class='ocr_line' id='line_1_13' title="bbox 413 1319 2016 1408; baseline 0.001 -23"><span class='ocrx_word' id='word_1_60' title='bbox 413 1319 500 1387; x_wconf 87' lang='grc' dir='ltr'>Τὸ</span> <span class='ocrx_word' id='word_1_61' title='bbox 550 1324 771 1408; x_wconf 88' lang='grc' dir='ltr'>κράτος</span> <span class='ocrx_word' id='word_1_62' title='bbox 812 1322 963 1385; x_wconf 82' lang='grc' dir='ltr'>ἴδιον</span> <span class='ocrx_word' id='word_1_63' title='bbox 1008 1322 1221 1385; x_wconf 80' lang='grc' dir='ltr'>ὄλλυσ’</span> <span class='ocrx_word' id='word_1_64' title='bbox 1269 1323 1300 1384; x_wconf 83' lang='grc' dir='ltr'>ὁ</span> <span class='ocrx_word' id='word_1_65' title='bbox 1343 1322 1743 1407; x_wconf 82' lang='grc' dir='ltr'>προστάσσων</span> <span class='ocrx_word' id='word_1_66' title='bbox 1790 1328 2016 1392; x_wconf 86' lang='grc' dir='ltr'>κακῶς.</span> 
     </span>
     <span class='ocr_line' id='line_1_14' title="bbox 413 1404 2006 1491; baseline 0 -21"><span class='ocrx_word' id='word_1_67' title='bbox 413 1404 536 1471; x_wconf 87' lang='grc' dir='ltr'>Τὸν</span> <span class='ocrx_word' id='word_1_68' title='bbox 586 1409 789 1491; x_wconf 79' lang='grc' dir='ltr'>ἰατρὸν</span> <span class='ocrx_word' id='word_1_69' title='bbox 835 1406 948 1470; x_wconf 83' lang='grc' dir='ltr'>οὐκ</span> <span class='ocrx_word' id='word_1_70' title='bbox 990 1404 1058 1469; x_wconf 79' lang='grc' dir='ltr'>εὖ</span> <span class='ocrx_word' id='word_1_71' title='bbox 1109 1407 1402 1491; x_wconf 82' lang='grc' dir='ltr'>διάδοχον</span> <span class='ocrx_word' id='word_1_72' title='bbox 1446 1408 1477 1469; x_wconf 87' lang='grc' dir='ltr'>ὁ</span> <span class='ocrx_word' id='word_1_73' title='bbox 1519 1411 1717 1468; x_wconf 85' lang='grc' dir='ltr'>νοσῶν</span> <span class='ocrx_word' id='word_1_74' title='bbox 1759 1408 2006 1491; x_wconf 85' lang='grc' dir='ltr'>γράφει.</span> 
     </span>
     <span class='ocr_line' id='line_1_15' title="bbox 406 1488 1835 1576; baseline -0.002 -20"><span class='ocrx_word' id='word_1_75' title='bbox 406 1488 484 1556; x_wconf 85' lang='grc' dir='ltr'><em>Ὃ</em></span> <span class='ocrx_word' id='word_1_76' title='bbox 540 1494 621 1576; x_wconf 88' lang='grc' dir='ltr'>μὴ</span> <span class='ocrx_word' id='word_1_77' title='bbox 672 1493 1010 1576; x_wconf 86' lang='grc' dir='ltr'>δυνάμενος</span> <span class='ocrx_word' id='word_1_78' title='bbox 1054 1489 1122 1553; x_wconf 78' lang='grc' dir='ltr'>εὖ</span> <span class='ocrx_word' id='word_1_79' title='bbox 1167 1492 1402 1567; x_wconf 90' lang='grc' dir='ltr'>θανεῖν,</span> <span class='ocrx_word' id='word_1_80' title='bbox 1441 1494 1648 1558; x_wconf 86' lang='grc' dir='ltr'>κακῶς</span> <span class='ocrx_word' id='word_1_81' title='bbox 1694 1490 1835 1574; x_wconf 91' lang='grc' dir='ltr'>βιοῖ.</span> 
     </span>
     <span class='ocr_line' id='line_1_16' title="bbox 410 1574 1817 1662; baseline -0.004 -22"><span class='ocrx_word' id='word_1_82' title='bbox 410 1574 547 1640; x_wconf 83' lang='grc' dir='ltr'>Ἀεὶ</span> <span class='ocrx_word' id='word_1_83' title='bbox 590 1579 833 1662; x_wconf 82' lang='grc' dir='ltr'>βιώσειν</span> <span class='ocrx_word' id='word_1_84' title='bbox 879 1577 1266 1660; x_wconf 84' lang='grc' dir='ltr'>προσδοκῶν,</span> <span class='ocrx_word' id='word_1_85' title='bbox 1305 1581 1511 1641; x_wconf 84' lang='grc' dir='ltr'>κακῶς</span> <span class='ocrx_word' id='word_1_86' title='bbox 1541 1574 1682 1658; x_wconf 87' lang='grc' dir='ltr'>βιοῖ.</span> <span class='ocrx_word' id='word_1_87' title='bbox 1810 1595 1817 1610; x_wconf 83' lang='lat'><strong><em>¹</em></strong></span> 
     </span>
     <span class='ocr_line' id='line_1_17' title="bbox 411 1657 1843 1746; baseline -0.001 -22"><span class='ocrx_word' id='word_1_88' title='bbox 411 1657 625 1746; x_wconf 82' lang='grc' dir='ltr'>Χείρω</span> <span class='ocrx_word' id='word_1_89' title='bbox 675 1661 857 1742; x_wconf 93' lang='grc' dir='ltr'>λόγον</span> <span class='ocrx_word' id='word_1_90' title='bbox 905 1662 1274 1745; x_wconf 81' lang='grc' dir='ltr'>βλάσφημον</span> <span class='ocrx_word' id='word_1_91' title='bbox 1319 1659 1620 1743; x_wconf 80' lang='grc' dir='ltr'>ἑρμηνεὺς</span> <span class='ocrx_word' id='word_1_92' title='bbox 1659 1665 1843 1722; x_wconf 89' lang='grc' dir='ltr'>ποιεῖ.</span> 
     </span>
     <span class='ocr_line' id='line_1_18' title="bbox 412 1742 1963 1829; baseline -0.001 -21"><span class='ocrx_word' id='word_1_93' title='bbox 412 1742 664 1808; x_wconf 78' lang='grc' dir='ltr'>Κακοῦν</span> <span class='ocrx_word' id='word_1_94' title='bbox 709 1745 955 1808; x_wconf 88' lang='grc' dir='ltr'>θέλοντι</span> <span class='ocrx_word' id='word_1_95' title='bbox 997 1744 1309 1829; x_wconf 88' lang='grc' dir='ltr'>πρόφασις</span> <span class='ocrx_word' id='word_1_96' title='bbox 1357 1744 1470 1806; x_wconf 83' lang='grc' dir='ltr'>οὐκ</span> <span class='ocrx_word' id='word_1_97' title='bbox 1510 1744 1876 1807; x_wconf 86' lang='grc' dir='ltr'>ἐλλείπεται.</span> <span class='ocrx_word' id='word_1_98' title='bbox 1956 1793 1963 1794; x_wconf 25' lang='lat' dir='ltr'><em>ff</em></span> 
     </span>
     <span class='ocr_line' id='line_1_19' title="bbox 415 1828 1753 1913; baseline -0.002 -20"><span class='ocrx_word' id='word_1_99' title='bbox 415 1829 601 1893; x_wconf 91' lang='grc' dir='ltr'>Ποιεῖ</span> <span class='ocrx_word' id='word_1_100' title='bbox 633 1830 941 1913; x_wconf 82' lang='grc' dir='ltr'>πονηροὺς</span> <span class='ocrx_word' id='word_1_101' title='bbox 982 1829 1140 1913; x_wconf 79' lang='grc' dir='ltr'>ἦθος</span> <span class='ocrx_word' id='word_1_102' title='bbox 1182 1829 1510 1912; x_wconf 87' lang='grc' dir='ltr'>ἀχάριστον</span> <span class='ocrx_word' id='word_1_103' title='bbox 1559 1828 1753 1911; x_wconf 87' lang='grc' dir='ltr'>θαμά.</span> 
     </span>
     <span class='ocr_line' id='line_1_20' title="bbox 402 1912 1679 1998; baseline -0.003 -20"><span class='ocrx_word' id='word_1_104' title='bbox 402 1913 590 1978; x_wconf 82' lang='grc' dir='ltr'>’Ἠθει</span> <span class='ocrx_word' id='word_1_105' title='bbox 634 1920 890 1998; x_wconf 73' lang='grc' dir='ltr'>πονηρῷ</span> <span class='ocrx_word' id='word_1_106' title='bbox 931 1914 1093 1981; x_wconf 89' lang='grc' dir='ltr'>σῖτός</span> <span class='ocrx_word' id='word_1_107' title='bbox 1133 1912 1258 1975; x_wconf 80' lang='grc' dir='ltr'>ἐστ’</span> <span class='ocrx_word' id='word_1_108' title='bbox 1313 1914 1436 1975; x_wconf 85' lang='grc' dir='ltr'>ἰδία</span> <span class='ocrx_word' id='word_1_109' title='bbox 1482 1913 1679 1997; x_wconf 88' lang='grc' dir='ltr'>φύσις.</span> 
     </span>
     <span class='ocr_line' id='line_1_21' title="bbox 379 1997 1834 2083; baseline -0.004 -20"><span class='ocrx_word' id='word_1_110' title='bbox 379 1997 685 2083; x_wconf 57' lang='grc' dir='ltr'>«Ἀνδρῶν</span> <span class='ocrx_word' id='word_1_111' title='bbox 730 2003 1011 2081; x_wconf 90' lang='grc' dir='ltr'>γυναῖκες</span> <span class='ocrx_word' id='word_1_112' title='bbox 1049 1999 1387 2081; x_wconf 84' lang='grc' dir='ltr'>κρείττονες</span> <span class='ocrx_word' id='word_1_113' title='bbox 1428 1999 1628 2081; x_wconf 78' lang='grc' dir='ltr'>βουλῇ</span> <span class='ocrx_word' id='word_1_114' title='bbox 1653 2002 1834 2081; x_wconf 77' lang='grc' dir='ltr'>κακῇ.</span> 
     </span>
     <span class='ocr_line' id='line_1_22' title="bbox 413 2081 1834 2168; baseline -0.004 -20"><span class='ocrx_word' id='word_1_115' title='bbox 413 2081 665 2166; x_wconf 79' lang='grc' dir='ltr'>Βουλῆς</span> <span class='ocrx_word' id='word_1_116' title='bbox 709 2087 901 2166; x_wconf 83' lang='grc' dir='ltr'>κακῆς</span> <span class='ocrx_word' id='word_1_117' title='bbox 942 2089 1032 2168; x_wconf 73' lang='grc' dir='ltr'>τῷ</span> <span class='ocrx_word' id='word_1_118' title='bbox 1070 2081 1236 2145; x_wconf 81' lang='grc' dir='ltr'>δόντι</span> <span class='ocrx_word' id='word_1_119' title='bbox 1278 2084 1591 2164; x_wconf 81' lang='grc' dir='ltr'>πάγκακον</span> <span class='ocrx_word' id='word_1_120' title='bbox 1639 2082 1834 2149; x_wconf 86' lang='grc' dir='ltr'>τέλος.</span> 
     </span>
     <span class='ocr_line' id='line_1_23' title="bbox 402 2166 1814 2252; baseline -0.004 -19"><span class='ocrx_word' id='word_1_121' title='bbox 402 2167 489 2233; x_wconf 80' lang='lat' dir='ltr'>‘H</span> <span class='ocrx_word' id='word_1_122' title='bbox 535 2170 617 2252; x_wconf 88' lang='grc' dir='ltr'>μὴ</span> <span class='ocrx_word' id='word_1_123' title='bbox 663 2173 965 2252; x_wconf 82' lang='grc' dir='ltr'>τραπῆναι</span> <span class='ocrx_word' id='word_1_124' title='bbox 1015 2166 1323 2251; x_wconf 86' lang='grc' dir='ltr'>δυναμένη</span> <span class='ocrx_word' id='word_1_125' title='bbox 1375 2167 1595 2252; x_wconf 85' lang='grc' dir='ltr'>βουλὴ,</span> <span class='ocrx_word' id='word_1_126' title='bbox 1634 2168 1814 2250; x_wconf 86' lang='grc' dir='ltr'>κακή.</span> 
     </span>
     <span class='ocr_line' id='line_1_24' title="bbox 411 2250 1926 2336; baseline -0.003 -19"><span class='ocrx_word' id='word_1_127' title='bbox 411 2252 693 2317; x_wconf 85' lang='grc' dir='ltr'>Ἐσθλῶν</span> <span class='ocrx_word' id='word_1_128' title='bbox 744 2253 1070 2336; x_wconf 87' lang='grc' dir='ltr'>ὑποκριτὴς</span> <span class='ocrx_word' id='word_1_129' title='bbox 1111 2255 1143 2316; x_wconf 83' lang='grc' dir='ltr'>ὁ</span> <span class='ocrx_word' id='word_1_130' title='bbox 1189 2250 1380 2320; x_wconf 89' lang='grc' dir='ltr'>κακός</span> <span class='ocrx_word' id='word_1_131' title='bbox 1421 2252 1547 2313; x_wconf 84' lang='grc' dir='ltr'>ἐστι</span> <span class='ocrx_word' id='word_1_132' title='bbox 1591 2253 1926 2332; x_wconf 81' lang='grc' dir='ltr'>πάγκακος.</span> 
     </span>
     <span class='ocr_line' id='line_1_25' title="bbox 414 2335 1880 2421; baseline -0.005 -19"><span class='ocrx_word' id='word_1_133' title='bbox 414 2338 622 2402; x_wconf 79' lang='grc' dir='ltr'>Αὑτοῦ</span> <span class='ocrx_word' id='word_1_134' title='bbox 670 2337 730 2420; x_wconf 80' lang='grc' dir='ltr'>γ’</span> <span class='ocrx_word' id='word_1_135' title='bbox 781 2337 951 2400; x_wconf 81' lang='grc' dir='ltr'>ἕκατι</span> <span class='ocrx_word' id='word_1_136' title='bbox 992 2339 1280 2421; x_wconf 81' lang='grc' dir='ltr'>χρηστὸς,</span> <span class='ocrx_word' id='word_1_137' title='bbox 1329 2336 1626 2399; x_wconf 81' lang='grc' dir='ltr'>αὖδάσθω</span> <span class='ocrx_word' id='word_1_138' title='bbox 1676 2335 1880 2401; x_wconf 89' lang='grc' dir='ltr'>κακός.</span> 
     </span>
     <span class='ocr_line' id='line_1_26' title="bbox 419 2419 1811 2508; baseline -0.004 -22"><span class='ocrx_word' id='word_1_139' title='bbox 419 2423 637 2508; x_wconf 85' lang='grc' dir='ltr'>Φόβου</span> <span class='ocrx_word' id='word_1_140' title='bbox 671 2421 989 2508; x_wconf 86' lang='grc' dir='ltr'>παρόντος,</span> <span class='ocrx_word' id='word_1_141' title='bbox 1038 2422 1223 2489; x_wconf 77' lang='grc' dir='ltr'>ὕπνος</span> <span class='ocrx_word' id='word_1_142' title='bbox 1269 2420 1381 2483; x_wconf 81' lang='grc' dir='ltr'>οὐκ</span> <span class='ocrx_word' id='word_1_143' title='bbox 1431 2419 1565 2504; x_wconf 82' lang='grc' dir='ltr'>ἔχει</span> <span class='ocrx_word' id='word_1_144' title='bbox 1604 2421 1811 2482; x_wconf 87' lang='grc' dir='ltr'>τόπον.</span> 
     </span>
     <span class='ocr_line' id='line_1_27' title="bbox 411 2504 1811 2591; baseline -0.005 -20"><span class='ocrx_word' id='word_1_145' title='bbox 411 2507 762 2571; x_wconf 85' lang='grc' dir='ltr'>Ἀπατῶσιν</span> <span class='ocrx_word' id='word_1_146' title='bbox 806 2506 985 2589; x_wconf 85' lang='grc' dir='ltr'>ἧττον</span> <span class='ocrx_word' id='word_1_147' title='bbox 1036 2508 1094 2568; x_wconf 88' lang='grc' dir='ltr'>οἱ</span> <span class='ocrx_word' id='word_1_148' title='bbox 1135 2504 1380 2591; x_wconf 77' lang='grc' dir='ltr'>τάχιστ’</span> <span class='ocrx_word' id='word_1_149' title='bbox 1423 2505 1811 2587; x_wconf 89' lang='grc' dir='ltr'>ἀρνούμενοι.</span> 
     </span>
     <span class='ocr_line' id='line_1_28' title="bbox 418 2589 1896 2663; baseline -0.004 -7"><span class='ocrx_word' id='word_1_150' title='bbox 418 2593 696 2660; x_wconf 90' lang='grc' dir='ltr'>Δούλους</span> <span class='ocrx_word' id='word_1_151' title='bbox 743 2591 1038 2658; x_wconf 87' lang='grc' dir='ltr'>δεδοικώς</span> <span class='ocrx_word' id='word_1_152' title='bbox 1080 2591 1205 2652; x_wconf 82' lang='grc' dir='ltr'>ἐστι</span> <span class='ocrx_word' id='word_1_153' title='bbox 1250 2593 1371 2652; x_wconf 84' lang='grc' dir='ltr'>τῶν</span> <span class='ocrx_word' id='word_1_154' title='bbox 1422 2589 1663 2652; x_wconf 91' lang='grc' dir='ltr'>δούλων</span> <span class='ocrx_word' id='word_1_155' title='bbox 1702 2590 1896 2663; x_wconf 85' lang='grc' dir='ltr'>κάτω.</span> 
     </span>
     <span class='ocr_line' id='line_1_29' title="bbox 410 2672 1914 2761; baseline -0.003 -22"><span class='ocrx_word' id='word_1_156' title='bbox 410 2674 486 2742; x_wconf 89' lang='lat' dir='ltr'>‘O</span> <span class='ocrx_word' id='word_1_157' title='bbox 534 2678 801 2761; x_wconf 86' lang='grc' dir='ltr'>χρηστὸς</span> <span class='ocrx_word' id='word_1_158' title='bbox 849 2676 963 2741; x_wconf 81' lang='grc' dir='ltr'>οὐκ</span> <span class='ocrx_word' id='word_1_159' title='bbox 1001 2673 1119 2757; x_wconf 78' lang='grc' dir='ltr'>εἴη,</span> <span class='ocrx_word' id='word_1_160' title='bbox 1166 2675 1404 2758; x_wconf 86' lang='grc' dir='ltr'>λέγοιτο</span> <span class='ocrx_word' id='word_1_161' title='bbox 1448 2672 1508 2735; x_wconf 79' lang='grc' dir='ltr'>δ’</span> <span class='ocrx_word' id='word_1_162' title='bbox 1559 2672 1629 2735; x_wconf 86' lang='grc' dir='ltr'>ἀν</span> <span class='ocrx_word' id='word_1_163' title='bbox 1680 2673 1914 2741; x_wconf 86' lang='grc' dir='ltr'>ἄθλιος.</span> 
     </span>
     <span class='ocr_line' id='line_1_30' title="bbox 404 2757 1541 2845; baseline -0.006 -19"><span class='ocrx_word' id='word_1_164' title='bbox 404 2760 697 2845; x_wconf 77' lang='grc' dir='ltr'>Ἀζηλύς,</span> <span class='ocrx_word' id='word_1_165' title='bbox 744 2761 901 2823; x_wconf 86' lang='grc' dir='ltr'>ἐστιν</span> <span class='ocrx_word' id='word_1_166' title='bbox 945 2761 1318 2842; x_wconf 82' lang='grc' dir='ltr'>ἀθλιωτάτη,</span> <span class='ocrx_word' id='word_1_167' title='bbox 1362 2757 1541 2842; x_wconf 89' lang='grc' dir='ltr'>τύχη.</span> 
     </span>
    </p>

    <p class='ocr_par' dir='ltr' id='par_1_7' title="bbox 415 2841 1956 3181">
     <span class='ocr_line' id='line_1_31' title="bbox 415 2841 1861 2929; baseline -0.004 -20"><span class='ocrx_word' id='word_1_168' title='bbox 415 2847 640 2910; x_wconf 90' lang='grc' dir='ltr'>Λαλεῖν</span> <span class='ocrx_word' id='word_1_169' title='bbox 681 2845 949 2908; x_wconf 91' lang='grc' dir='ltr'>θέλοντα</span> <span class='ocrx_word' id='word_1_170' title='bbox 995 2844 1053 2906; x_wconf 81' lang='grc' dir='ltr'>σ’</span> <span class='ocrx_word' id='word_1_171' title='bbox 1102 2844 1215 2906; x_wconf 84' lang='grc' dir='ltr'>οὐκ</span> <span class='ocrx_word' id='word_1_172' title='bbox 1265 2842 1511 2929; x_wconf 78' lang='grc' dir='ltr'>ἐᾷσθαι,</span> <span class='ocrx_word' id='word_1_173' title='bbox 1561 2841 1861 2926; x_wconf 86' lang='grc' dir='ltr'>σχέτλιον.</span> 
     </span>
     <span class='ocr_line' id='line_1_32' title="bbox 416 2927 1791 3014; baseline -0.005 -20"><span class='ocrx_word' id='word_1_174' title='bbox 416 2928 495 2994; x_wconf 86' lang='grc' dir='ltr'>Εἰ</span> <span class='ocrx_word' id='word_1_175' title='bbox 532 2931 636 2993; x_wconf 85' lang='grc' dir='ltr'>καὶ</span> <span class='ocrx_word' id='word_1_176' title='bbox 680 2930 948 3014; x_wconf 27' lang='grc' dir='ltr'>ἀηδὲςιὴ</span> <span class='ocrx_word' id='word_1_177' title='bbox 996 2929 1192 3012; x_wconf 84' lang='grc' dir='ltr'>τριβὴ,</span> <span class='ocrx_word' id='word_1_178' title='bbox 1238 2931 1410 2990; x_wconf 86' lang='grc' dir='ltr'>ποιεῖ</span> <span class='ocrx_word' id='word_1_179' title='bbox 1451 2927 1704 3010; x_wconf 81' lang='grc' dir='ltr'>σοφούς.</span> <span class='ocrx_word' id='word_1_180' title='bbox 1778 2927 1791 2942; x_wconf 70' lang='grc'>“</span> 
     </span>
     <span class='ocr_line' id='line_1_33' title="bbox 415 3009 1956 3099; baseline -0.004 -20"><span class='ocrx_word' id='word_1_181' title='bbox 415 3014 550 3099; x_wconf 83' lang='grc' dir='ltr'>Πρὸ</span> <span class='ocrx_word' id='word_1_182' title='bbox 590 3020 699 3078; x_wconf 78' lang='grc' dir='ltr'>τοῦ</span> <span class='ocrx_word' id='word_1_183' title='bbox 741 3014 956 3077; x_wconf 81' lang='grc' dir='ltr'>ποθεῖν</span> <span class='ocrx_word' id='word_1_184' title='bbox 1002 3015 1103 3075; x_wconf 87' lang='grc' dir='ltr'>τὸν</span> <span class='ocrx_word' id='word_1_185' title='bbox 1142 3012 1447 3087; x_wconf 61' lang='grc' dir='ltr'>θάνατον,</span> <span class='ocrx_word' id='word_1_186' title='bbox 1477 3011 1683 3096; x_wconf 79' lang='grc' dir='ltr'>ὄλβιον</span> <span class='ocrx_word' id='word_1_187' title='bbox 1723 3009 1956 3073; x_wconf 85' lang='grc' dir='ltr'>θανεῖν.</span> 
     </span>
     <span class='ocr_line' id='line_1_34' title="bbox 421 3095 1796 3181; baseline -0.005 -18"><span class='ocrx_word' id='word_1_188' title='bbox 421 3099 640 3163; x_wconf 86' lang='grc' dir='ltr'>Θανεῖν</span> <span class='ocrx_word' id='word_1_189' title='bbox 685 3100 915 3181; x_wconf 86' lang='grc' dir='ltr'>ἀνάγκη</span> <span class='ocrx_word' id='word_1_190' title='bbox 959 3102 1163 3173; x_wconf 84' lang='grc' dir='ltr'>πᾶσιν,</span> <span class='ocrx_word' id='word_1_191' title='bbox 1213 3097 1348 3161; x_wconf 79' lang='grc' dir='ltr'>οὐδ’</span> <span class='ocrx_word' id='word_1_192' title='bbox 1398 3097 1540 3160; x_wconf 81' lang='grc' dir='ltr'>ὅταν</span> <span class='ocrx_word' id='word_1_193' title='bbox 1586 3095 1796 3178; x_wconf 84' lang='grc' dir='ltr'>θέλῃς.</span> 
     </span>
    </p>

    <p class='ocr_par' dir='ltr' id='par_1_8' title="bbox 410 3179 1987 3611">
     <span class='ocr_line' id='line_1_35' title="bbox 420 3179 1987 3267; baseline -0.003 -21"><span class='ocrx_word' id='word_1_194' title='bbox 420 3182 505 3247; x_wconf 87' lang='grc' dir='ltr'>Τὸ</span> <span class='ocrx_word' id='word_1_195' title='bbox 541 3183 747 3245; x_wconf 91' lang='grc' dir='ltr'>θανεῖν</span> <span class='ocrx_word' id='word_1_196' title='bbox 795 3182 1128 3267; x_wconf 88' lang='grc' dir='ltr'>φοβεῖσθαι</span> <span class='ocrx_word' id='word_1_197' title='bbox 1171 3182 1381 3266; x_wconf 91' lang='grc' dir='ltr'>χεῖρόν</span> <span class='ocrx_word' id='word_1_198' title='bbox 1429 3183 1555 3243; x_wconf 81' lang='grc' dir='ltr'>ἐστι</span> <span class='ocrx_word' id='word_1_199' title='bbox 1602 3186 1712 3244; x_wconf 77' lang='grc' dir='ltr'>τοῢ</span> <span class='ocrx_word' id='word_1_200' title='bbox 1754 3179 1987 3244; x_wconf 88' lang='grc' dir='ltr'>θανεῖν.</span> 
     </span>
     <span class='ocr_line' id='line_1_36' title="bbox 420 3264 1717 3351; baseline -0.005 -19"><span class='ocrx_word' id='word_1_201' title='bbox 420 3264 552 3332; x_wconf 79' lang='grc' dir='ltr'>Οὐκ</span> <span class='ocrx_word' id='word_1_202' title='bbox 591 3267 781 3351; x_wconf 82' lang='grc' dir='ltr'>ἤρεσε</span> <span class='ocrx_word' id='word_1_203' title='bbox 821 3270 1108 3330; x_wconf 91' lang='grc' dir='ltr'>πολλοῖσι</span> <span class='ocrx_word' id='word_1_204' title='bbox 1152 3268 1512 3349; x_wconf 85' lang='grc' dir='ltr'>πολύγαμος</span> <span class='ocrx_word' id='word_1_205' title='bbox 1547 3267 1717 3348; x_wconf 83' lang='grc' dir='ltr'>γυνή.</span> 
     </span>
     <span class='ocr_line' id='line_1_37' title="bbox 418 3349 1689 3435; baseline -0.003 -20"><span class='ocrx_word' id='word_1_206' title='bbox 418 3349 677 3415; x_wconf 79' lang='grc' dir='ltr'>Νοοῧσα</span> <span class='ocrx_word' id='word_1_207' title='bbox 718 3351 947 3435; x_wconf 73' lang='grc' dir='ltr'>μουνὰξ</span> <span class='ocrx_word' id='word_1_208' title='bbox 981 3353 1020 3434; x_wconf 79' lang='grc' dir='ltr'>ἡ</span> <span class='ocrx_word' id='word_1_209' title='bbox 1067 3352 1242 3434; x_wconf 84' lang='grc' dir='ltr'>γυνὴ,</span> <span class='ocrx_word' id='word_1_210' title='bbox 1285 3355 1493 3418; x_wconf 86' lang='grc' dir='ltr'>κακῶς</span> <span class='ocrx_word' id='word_1_211' title='bbox 1539 3356 1689 3413; x_wconf 87' lang='grc' dir='ltr'>νοεῖ.</span> 
     </span>
     <span class='ocr_line' id='line_1_38' title="bbox 417 3434 1660 3519; baseline -0.002 -20"><span class='ocrx_word' id='word_1_212' title='bbox 417 3434 689 3506; x_wconf 90' lang='grc' dir='ltr'>Πολλοῖς</span> <span class='ocrx_word' id='word_1_213' title='bbox 732 3436 993 3512; x_wconf 84' lang='grc' dir='ltr'>ἀπειλεῖ,</span> <span class='ocrx_word' id='word_1_214' title='bbox 1037 3435 1198 3505; x_wconf 81' lang='grc' dir='ltr'>ὅστις</span> <span class='ocrx_word' id='word_1_215' title='bbox 1234 3434 1485 3519; x_wconf 78' lang='grc' dir='ltr'>ἠδίκησ’</span> <span class='ocrx_word' id='word_1_216' title='bbox 1532 3435 1660 3503; x_wconf 83' lang='grc' dir='ltr'>ἕνα.</span> 
     </span>
     <span class='ocr_line' id='line_1_39' title="bbox 410 3519 1769 3611; baseline -0.003 -26"><span class='ocrx_word' id='word_1_217' title='bbox 410 3519 812 3611; x_wconf 67' lang='grc' dir='ltr'>’Υβρισμένον</span> <span class='ocrx_word' id='word_1_218' title='bbox 857 3522 925 3583; x_wconf 84' lang='grc' dir='ltr'>τὸ</span> <span class='ocrx_word' id='word_1_219' title='bbox 971 3519 1199 3584; x_wconf 82' lang='grc' dir='ltr'>ἄκακον</span> <span class='ocrx_word' id='word_1_220' title='bbox 1244 3522 1529 3584; x_wconf 88' lang='grc' dir='ltr'>ἀλλάττει</span> <span class='ocrx_word' id='word_1_221' title='bbox 1568 3520 1769 3604; x_wconf 85' lang='grc' dir='ltr'>φύσιν.</span> 
     </span>
    </p>
   </div>
   <div class='ocr_carea' id='block_1_4' title="bbox 2436 963 2437 1493">
    <p class='ocr_par' dir='ltr' id='par_1_9' title="bbox 2436 963 2437 1493">
     <span class='ocr_line' id='line_1_40' title="bbox 2436 963 2437 1493; baseline 0 0"><span class='ocrx_word' id='word_1_222' title='bbox 2436 963 2437 1493; x_wconf 95' lang='lat' dir='ltr'> </span> 
     </span>
    </p>
   </div>
   <div class='ocr_carea' id='block_1_5' title="bbox 2435 2843 2438 3404">
    <p class='ocr_par' dir='ltr' id='par_1_10' title="bbox 2435 2843 2438 3404">
     <span class='ocr_line' id='line_1_41' title="bbox 2435 2843 2438 3404; baseline 0 0"><span class='ocrx_word' id='word_1_223' title='bbox 2435 2843 2438 3404; x_wconf 95' lang='lat' dir='ltr'> </span> 
     </span>
    </p>
   </div>
   <div class='ocr_carea' id='block_1_6' title="bbox 2435 2843 2438 3638">
    <p class='ocr_par' dir='ltr' id='par_1_11' title="bbox 2435 2843 2438 3638">
     <span class='ocr_line' id='line_1_42' title="bbox 2435 2843 2438 3638; baseline 0 0"><span class='ocrx_word' id='word_1_224' title='bbox 2435 2843 2438 3638; x_wconf 95' lang='lat' dir='ltr'> </span> 
     </span>
    </p>
   </div>
  </div>
 </body>
</html>
