<?xml version="1.0" encoding="UTF-8"?>
<!DOCTYPE html PUBLIC "-//W3C//DTD XHTML 1.0 Transitional//EN"
    "http://www.w3.org/TR/xhtml1/DTD/xhtml1-transitional.dtd">
<html xmlns="http://www.w3.org/1999/xhtml" xml:lang="en" lang="en">
 <head>
  <title>
</title>
<meta http-equiv="Content-Type" content="text/html;charset=utf-8" />
  <meta name='ocr-system' content='tesseract 3.04.00' />
  <meta name='ocr-capabilities' content='ocr_page ocr_carea ocr_par ocr_line ocrx_word'/>
</head>
<body>
  <div class='ocr_page' id='page_1' title='image "./iosephiscaliger02scalgoog/iosephiscaliger02scalgoog_0354.png"; bbox 0 0 2452 4186; ppageno 0'>
   <div class='ocr_carea' id='block_1_1' title="bbox 1176 318 1300 376">
    <p class='ocr_par' dir='ltr' id='par_1_1' title="bbox 1176 318 1300 376">
     <span class='ocr_line' id='line_1_1' title="bbox 1176 318 1300 376; baseline 0.008 -1"><span class='ocrx_word' id='word_1_1' title='bbox 1176 318 1300 376; x_wconf 81' lang='lat'><strong>352</strong></span> 
     </span>
    </p>
   </div>
   <div class='ocr_carea' id='block_1_2' title="bbox 1091 403 1393 411">
    <p class='ocr_par' dir='ltr' id='par_1_2' title="bbox 1091 403 1393 411">
     <span class='ocr_line' id='line_1_2' title="bbox 1091 403 1393 411; baseline 0 3775"><span class='ocrx_word' id='word_1_2' title='bbox 1091 403 1393 411; x_wconf 95' lang='lat' dir='ltr'><strong> </strong></span> 
     </span>
    </p>
   </div>
   <div class='ocr_carea' id='block_1_3' title="bbox 193 478 1882 903">
    <p class='ocr_par' dir='ltr' id='par_1_3' title="bbox 324 478 1652 563">
     <span class='ocr_line' id='line_1_3' title="bbox 324 478 1652 563; baseline 0.007 -25"><span class='ocrx_word' id='word_1_3' title='bbox 324 478 471 539; x_wconf 88' lang='lat' dir='ltr'><strong>Non</strong></span> <span class='ocrx_word' id='word_1_4' title='bbox 514 482 611 539; x_wconf 91' lang='lat' dir='ltr'><strong>hic</strong></span> <span class='ocrx_word' id='word_1_5' title='bbox 655 491 936 544; x_wconf 85' lang='lat' dir='ltr'><strong>veternas</strong></span> <span class='ocrx_word' id='word_1_6' title='bbox 982 485 1369 546; x_wconf 79' lang='lat' dir='ltr'><strong>dormientem</strong></span> <span class='ocrx_word' id='word_1_7' title='bbox 1417 488 1652 563; x_wconf 86' lang='lat' dir='ltr'><strong>coepiat</strong></span> 
     </span>
    </p>

    <p class='ocr_par' dir='ltr' id='par_1_4' title="bbox 218 565 1882 800">
     <span class='ocr_line' id='line_1_4' title="bbox 218 565 1479 643; baseline 0.009 -24"><span class='ocrx_word' id='word_1_8' title='bbox 218 579 223 582; x_wconf 82' lang='grc'><em>’</em></span> <span class='ocrx_word' id='word_1_9' title='bbox 300 565 674 626; x_wconf 87' lang='lat' dir='ltr'><strong>.Oblivionis</strong></span> <span class='ocrx_word' id='word_1_10' title='bbox 712 568 1022 643; x_wconf 73' lang='lat' dir='ltr'><strong>Equitium</strong></span> <span class='ocrx_word' id='word_1_11' title='bbox 1067 572 1479 630; x_wconf 84' lang='lat' dir='ltr'><strong>Melanthium.</strong></span> 
     </span>
     <span class='ocr_line' id='line_1_5' title="bbox 325 649 1882 733; baseline 0.005 -24"><span class='ocrx_word' id='word_1_12' title='bbox 325 649 606 726; x_wconf 80' lang='lat' dir='ltr'><strong>Namque</strong></span> <span class='ocrx_word' id='word_1_13' title='bbox 642 652 761 710; x_wconf 89' lang='lat' dir='ltr'><strong>&#39;ibit</strong></span> <span class='ocrx_word' id='word_1_14' title='bbox 801 654 915 713; x_wconf 84' lang='lat' dir='ltr'><strong>ibit</strong></span> <span class='ocrx_word' id='word_1_15' title='bbox 948 657 1252 715; x_wconf 89' lang='lat' dir='ltr'><strong>nauticum</strong></span> <span class='ocrx_word' id='word_1_16' title='bbox 1294 657 1371 716; x_wconf 88' lang='lat' dir='ltr'><strong>ad</strong></span> <span class='ocrx_word' id='word_1_17' title='bbox 1418 658 1619 716; x_wconf 85' lang='lat' dir='ltr'><strong>Rithri</strong></span> <span class='ocrx_word' id='word_1_18' title='bbox 1663 659 1882 733; x_wconf 88' lang='lat' dir='ltr'><strong>sinum,</strong></span> 
     </span>
     <span class='ocr_line' id='line_1_6' title="bbox 333 735 1390 800; baseline 0.006 -5"><span class='ocrx_word' id='word_1_19' title='bbox 333 736 414 795; x_wconf 91' lang='lat' dir='ltr'><strong>Et</strong></span> <span class='ocrx_word' id='word_1_20' title='bbox 461 735 522 794; x_wconf 85' lang='lat' dir='ltr'>N</span> <span class='ocrx_word' id='word_1_21' title='bbox 526 738 660 796; x_wconf 88' lang='lat' dir='ltr'><strong>eriti</strong></span> <span class='ocrx_word' id='word_1_22' title='bbox 702 757 1018 799; x_wconf 82' lang='lat' dir='ltr'><strong>cacumen:</strong></span> <span class='ocrx_word' id='word_1_23' title='bbox 1058 742 1390 800; x_wconf 80' lang='lat' dir='ltr'><strong>intuebitur</strong></span> 
     </span>
    </p>

    <p class='ocr_par' dir='ltr' id='par_1_5' title="bbox 193 822 1684 903">
     <span class='ocr_line' id='line_1_7' title="bbox 193 822 1684 903; baseline 0.008 -28"><span class='ocrx_word' id='word_1_24' title='bbox 193 822 301 876; x_wconf 93' lang='grc'><strong>770</strong></span> <span class='ocrx_word' id='word_1_25' title='bbox 334 822 564 880; x_wconf 88' lang='lat' dir='ltr'><strong>Vastos</strong></span> <span class='ocrx_word' id='word_1_26' title='bbox 610 832 863 899; x_wconf 89' lang='lat' dir='ltr'><strong>penates</strong></span> <span class='ocrx_word' id='word_1_27' title='bbox 911 844 1134 899; x_wconf 89' lang='lat' dir='ltr'><strong>susque</strong></span> <span class='ocrx_word' id='word_1_28' title='bbox 1180 827 1375 903; x_wconf 86' lang='lat' dir='ltr'><strong>deque</strong></span> <span class='ocrx_word' id='word_1_29' title='bbox 1414 827 1684 887; x_wconf 86' lang='lat' dir='ltr'><strong>funditus</strong></span> 
     </span>
    </p>
   </div>
   <div class='ocr_carea' id='block_1_4' title="bbox 330 906 1965 1071">
    <p class='ocr_par' dir='ltr' id='par_1_6' title="bbox 330 906 1965 1071">
     <span class='ocr_line' id='line_1_8' title="bbox 330 906 1965 990; baseline 0.006 -27"><span class='ocrx_word' id='word_1_30' title='bbox 330 906 566 982; x_wconf 85' lang='lat' dir='ltr'><strong>Lux[u]</strong></span> <span class='ocrx_word' id='word_1_31' title='bbox 608 927 926 983; x_wconf 89' lang='lat' dir='ltr'><strong>procorum</strong></span> <span class='ocrx_word' id='word_1_32' title='bbox 972 912 1251 988; x_wconf 89' lang='lat' dir='ltr'><strong>turpium.</strong></span> <span class='ocrx_word' id='word_1_33' title='bbox 1292 921 1357 969; x_wconf 88' lang='lat' dir='ltr'><strong>at</strong></span> <span class='ocrx_word' id='word_1_34' title='bbox 1403 920 1642 989; x_wconf 87' lang='lat' dir='ltr'><strong>scrapta</strong></span> <span class='ocrx_word' id='word_1_35' title='bbox 1685 914 1965 990; x_wconf 83' lang='lat' dir='ltr'><strong>improba</strong></span> 
     </span>
     <span class='ocr_line' id='line_1_9' title="bbox 335 989 1622 1071; baseline 0.003 -20"><span class='ocrx_word' id='word_1_36' title='bbox 335 989 622 1067; x_wconf 89' lang='lat' dir='ltr'><strong>Speciose</strong></span> <span class='ocrx_word' id='word_1_37' title='bbox 661 993 1000 1053; x_wconf 89' lang='lat' dir='ltr'><strong>adulterata</strong></span> <span class='ocrx_word' id='word_1_38' title='bbox 1042 997 1318 1054; x_wconf 90' lang='lat' dir='ltr'><strong>corrodet</strong></span> <span class='ocrx_word' id='word_1_39' title='bbox 1360 998 1622 1071; x_wconf 83' lang='lat' dir='ltr'><strong>domum,</strong></span> 
     </span>
    </p>
   </div>
   <div class='ocr_carea' id='block_1_5' title="bbox 331 1076 1663 1159">
    <p class='ocr_par' dir='ltr' id='par_1_7' title="bbox 331 1076 1663 1159">
     <span class='ocr_line' id='line_1_10' title="bbox 331 1076 1663 1159; baseline 0.004 -25"><span class='ocrx_word' id='word_1_40' title='bbox 331 1076 510 1134; x_wconf 85' lang='lat' dir='ltr'><strong>Luxu</strong></span> <span class='ocrx_word' id='word_1_41' title='bbox 556 1078 779 1137; x_wconf 86' lang='lat' dir='ltr'><strong>miselli</strong></span> <span class='ocrx_word' id='word_1_42' title='bbox 819 1081 1090 1139; x_wconf 87' lang='lat' dir='ltr'><strong>absentis</strong></span> <span class='ocrx_word' id='word_1_43' title='bbox 1137 1082 1456 1141; x_wconf 87' lang='lat' dir='ltr'><strong>effundens</strong></span> <span class='ocrx_word' id='word_1_44' title='bbox 1493 1101 1663 1159; x_wconf 85' lang='lat' dir='ltr'><strong>opes.</strong></span> 
     </span>
    </p>
   </div>
   <div class='ocr_carea' id='block_1_6' title="bbox 195 1163 1968 1324">
    <p class='ocr_par' dir='ltr' id='par_1_8' title="bbox 195 1163 1968 1324">
     <span class='ocr_line' id='line_1_11' title="bbox 329 1163 1968 1242; baseline 0.004 -24"><span class='ocrx_word' id='word_1_45' title='bbox 329 1166 529 1237; x_wconf 86' lang='lat' dir='ltr'><strong>Atque</strong></span> <span class='ocrx_word' id='word_1_46' title='bbox 569 1163 702 1239; x_wconf 88' lang='lat' dir='ltr'><strong>ipse</strong></span> <span class='ocrx_word' id='word_1_47' title='bbox 736 1165 957 1222; x_wconf 91' lang='lat' dir='ltr'><strong>ibidem</strong></span> <span class='ocrx_word' id='word_1_48' title='bbox 1008 1166 1182 1241; x_wconf 89' lang='lat' dir='ltr'><strong>plura</strong></span> <span class='ocrx_word' id='word_1_49' title='bbox 1218 1186 1393 1242; x_wconf 90' lang='lat' dir='ltr'><strong>quam</strong></span> <span class='ocrx_word' id='word_1_50' title='bbox 1437 1168 1500 1225; x_wconf 94' lang='lat' dir='ltr'><strong>in</strong></span> <span class='ocrx_word' id='word_1_51' title='bbox 1548 1167 1758 1228; x_wconf 84' lang='lat' dir='ltr'><strong>Scaeis</strong></span> <span class='ocrx_word' id='word_1_52' title='bbox 1803 1166 1968 1225; x_wconf 84' lang='lat' dir='ltr'><strong>mala</strong></span> 
     </span>
     <span class='ocr_line' id='line_1_12' title="bbox 195 1244 1492 1324; baseline 0.006 -21"><span class='ocrx_word' id='word_1_53' title='bbox 195 1244 298 1297; x_wconf 87' lang='lat'><strong>775</strong></span> <span class='ocrx_word' id='word_1_54' title='bbox 335 1246 563 1306; x_wconf 90' lang='lat' dir='ltr'><strong>Videns</strong></span> <span class='ocrx_word' id='word_1_55' title='bbox 610 1249 1023 1324; x_wconf 80' lang='lat' dir='ltr'><strong>famelicosuS‚</strong></span> <span class='ocrx_word' id='word_1_56' title='bbox 1072 1271 1110 1309; x_wconf 91' lang='lat' dir='ltr'><strong>a</strong></span> <span class='ocrx_word' id='word_1_57' title='bbox 1148 1252 1492 1311; x_wconf 83' lang='lat' dir='ltr'><strong>domesticis</strong></span> 
     </span>
    </p>
   </div>
   <div class='ocr_carea' id='block_1_7' title="bbox 195 1332 1891 3624">
    <p class='ocr_par' dir='ltr' id='par_1_9' title="bbox 328 1332 1622 1668">
     <span class='ocr_line' id='line_1_13' title="bbox 328 1332 1467 1412; baseline 0.003 -22"><span class='ocrx_word' id='word_1_58' title='bbox 328 1332 529 1392; x_wconf 88' lang='lat' dir='ltr'><strong>Minas</strong></span> <span class='ocrx_word' id='word_1_59' title='bbox 574 1342 772 1394; x_wconf 89' lang='lat' dir='ltr'><strong>toroso</strong></span> <span class='ocrx_word' id='word_1_60' title='bbox 818 1335 1063 1395; x_wconf 90' lang='lat' dir='ltr'><strong>tetricas</strong></span> <span class='ocrx_word' id='word_1_61' title='bbox 1112 1337 1298 1395; x_wconf 91' lang='lat' dir='ltr'><strong>dorso</strong></span> <span class='ocrx_word' id='word_1_62' title='bbox 1342 1337 1467 1412; x_wconf 87' lang='lat' dir='ltr'><strong>pati</strong></span> 
     </span>
     <span class='ocr_line' id='line_1_14' title="bbox 333 1415 1588 1497; baseline 0.002 -20"><span class='ocrx_word' id='word_1_63' title='bbox 333 1415 558 1477; x_wconf 88' lang='lat' dir='ltr'><strong>Sannis</strong></span> <span class='ocrx_word' id='word_1_64' title='bbox 601 1438 917 1495; x_wconf 87' lang='lat' dir='ltr'><strong>repressus</strong></span> <span class='ocrx_word' id='word_1_65' title='bbox 966 1422 1176 1496; x_wconf 84' lang='lat' dir='ltr'><strong>discet,</strong></span> <span class='ocrx_word' id='word_1_66' title='bbox 1224 1429 1286 1479; x_wconf 88' lang='lat' dir='ltr'><strong>et</strong></span> <span class='ocrx_word' id='word_1_67' title='bbox 1326 1422 1588 1497; x_wconf 87' lang='lat' dir='ltr'><strong>pavirier</strong></span> 
     </span>
     <span class='ocr_line' id='line_1_15' title="bbox 329 1502 1622 1583; baseline 0.006 -25"><span class='ocrx_word' id='word_1_68' title='bbox 329 1502 564 1579; x_wconf 86' lang='lat' dir='ltr'><strong>Pugnis</strong></span> <span class='ocrx_word' id='word_1_69' title='bbox 607 1503 854 1579; x_wconf 80' lang='lat' dir='ltr'><strong>iniquis,</strong></span> <span class='ocrx_word' id='word_1_70' title='bbox 900 1507 1299 1583; x_wconf 73' lang='lat' dir='ltr'><strong>frivolumque</strong></span> <span class='ocrx_word' id='word_1_71' title='bbox 1344 1508 1622 1568; x_wconf 89' lang='lat' dir='ltr'><strong>iactibus.</strong></span> 
     </span>
     <span class='ocr_line' id='line_1_16' title="bbox 331 1586 1540 1668; baseline 0.003 -22"><span class='ocrx_word' id='word_1_72' title='bbox 331 1586 468 1646; x_wconf 90' lang='lat' dir='ltr'><strong>Nec</strong></span> <span class='ocrx_word' id='word_1_73' title='bbox 510 1589 752 1646; x_wconf 89' lang='lat' dir='ltr'><strong>insueta</strong></span> <span class='ocrx_word' id='word_1_74' title='bbox 796 1591 984 1668; x_wconf 87' lang='lat' dir='ltr'><strong>flagra</strong></span> <span class='ocrx_word' id='word_1_75' title='bbox 1024 1600 1191 1650; x_wconf 89' lang='lat' dir='ltr'><strong>sunt:</strong></span> <span class='ocrx_word' id='word_1_76' title='bbox 1237 1592 1540 1650; x_wconf 85' lang='lat' dir='ltr'><strong>uberrima</strong></span> 
     </span>
    </p>

    <p class='ocr_par' dir='ltr' id='par_1_10' title="bbox 195 1667 1804 2077">
     <span class='ocr_line' id='line_1_17' title="bbox 195 1667 1669 1754; baseline 0.001 -21"><span class='ocrx_word' id='word_1_77' title='bbox 195 1678 300 1733; x_wconf 88' lang='grc'><strong>780</strong></span> <span class='ocrx_word' id='word_1_78' title='bbox 333 1667 519 1731; x_wconf 85' lang='lat' dir='ltr'><strong>Vibix</strong></span> <span class='ocrx_word' id='word_1_79' title='bbox 566 1683 769 1732; x_wconf 89' lang='lat' dir='ltr'><strong>manet</strong></span> <span class='ocrx_word' id='word_1_80' title='bbox 806 1675 1107 1734; x_wconf 81' lang='lat' dir='ltr'><strong>Thoantis</strong></span> <span class='ocrx_word' id='word_1_81' title='bbox 1146 1677 1210 1734; x_wconf 91' lang='lat' dir='ltr'><strong>in</strong></span> <span class='ocrx_word' id='word_1_82' title='bbox 1249 1678 1436 1754; x_wconf 86' lang='lat' dir='ltr'><strong>tergis</strong></span> <span class='ocrx_word' id='word_1_83' title='bbox 1473 1678 1669 1735; x_wconf 87' lang='lat' dir='ltr'><strong>adhuc</strong></span> 
     </span>
     <span class='ocr_line' id='line_1_18' title="bbox 332 1758 1749 1837; baseline 0.006 -23"><span class='ocrx_word' id='word_1_84' title='bbox 332 1758 547 1817; x_wconf 91' lang='lat' dir='ltr'><strong>Lentis</strong></span> <span class='ocrx_word' id='word_1_85' title='bbox 590 1760 812 1819; x_wconf 89' lang='lat' dir='ltr'><strong>betulis</strong></span> <span class='ocrx_word' id='word_1_86' title='bbox 854 1761 1106 1836; x_wconf 79' lang='lat' dir='ltr'><strong>sculpta,</strong></span> <span class='ocrx_word' id='word_1_87' title='bbox 1145 1781 1299 1837; x_wconf 87' lang='lat' dir='ltr'><strong>quae</strong></span> <span class='ocrx_word' id='word_1_88' title='bbox 1338 1763 1490 1820; x_wconf 89' lang='lat' dir='ltr'><strong>trico</strong></span> <span class='ocrx_word' id='word_1_89' title='bbox 1526 1781 1749 1821; x_wconf 86' lang='lat' dir='ltr'><strong>nocens</strong></span> 
     </span>
     <span class='ocr_line' id='line_1_19' title="bbox 333 1841 1549 1923; baseline 0.002 -21"><span class='ocrx_word' id='word_1_90' title='bbox 333 1841 526 1902; x_wconf 87' lang='lat' dir='ltr'><strong>Siccis</strong></span> <span class='ocrx_word' id='word_1_91' title='bbox 570 1845 744 1921; x_wconf 87' lang='lat' dir='ltr'><strong>genis</strong></span> <span class='ocrx_word' id='word_1_92' title='bbox 790 1846 1065 1923; x_wconf 88' lang='lat' dir='ltr'><strong>infligere</strong></span> <span class='ocrx_word' id='word_1_93' title='bbox 1110 1847 1549 1921; x_wconf 82' lang='lat' dir='ltr'><strong>exhortabitur,</strong></span> 
     </span>
     <span class='ocr_line' id='line_1_20' title="bbox 334 1926 1804 2007; baseline 0.002 -21"><span class='ocrx_word' id='word_1_94' title='bbox 334 1926 578 1986; x_wconf 86' lang='lat' dir='ltr'><strong>Gratam</strong></span> <span class='ocrx_word' id='word_1_95' title='bbox 630 1929 890 1988; x_wconf 87' lang='lat' dir='ltr'><strong>libenter</strong></span> <span class='ocrx_word' id='word_1_96' title='bbox 933 1932 1167 2005; x_wconf 86' lang='lat' dir='ltr'><strong>corpori</strong></span> <span class='ocrx_word' id='word_1_97' title='bbox 1205 1932 1558 2007; x_wconf 86' lang='lat' dir='ltr'><strong>insculpens</strong></span> <span class='ocrx_word' id='word_1_98' title='bbox 1599 1940 1804 1990; x_wconf 88' lang='lat' dir='ltr'><strong>notam</strong></span> 
     </span>
     <span class='ocr_line' id='line_1_21' title="bbox 333 2012 1504 2077; baseline 0.004 -6"><span class='ocrx_word' id='word_1_99' title='bbox 333 2012 418 2071; x_wconf 91' lang='lat' dir='ltr'><strong>Ut</strong></span> <span class='ocrx_word' id='word_1_100' title='bbox 461 2014 706 2072; x_wconf 87' lang='lat' dir='ltr'><strong>nescios</strong></span> <span class='ocrx_word' id='word_1_101' title='bbox 749 2014 979 2073; x_wconf 89' lang='lat' dir='ltr'><strong>illectet</strong></span> <span class='ocrx_word' id='word_1_102' title='bbox 1022 2016 1275 2074; x_wconf 88' lang='lat' dir='ltr'><strong>oculatis</strong></span> <span class='ocrx_word' id='word_1_103' title='bbox 1328 2018 1504 2077; x_wconf 90' lang='lat' dir='ltr'><strong>malis</strong></span> 
     </span>
    </p>

    <p class='ocr_par' dir='ltr' id='par_1_11' title="bbox 199 2098 1891 2518">
     <span class='ocr_line' id='line_1_22' title="bbox 199 2098 1891 2176; baseline 0.004 -22"><span class='ocrx_word' id='word_1_104' title='bbox 199 2101 300 2155; x_wconf 83' lang='lat'><strong>785</strong></span> <span class='ocrx_word' id='word_1_105' title='bbox 334 2098 594 2171; x_wconf 81' lang='lat' dir='ltr'><strong>Hostes,</strong></span> <span class='ocrx_word' id='word_1_106' title='bbox 639 2100 903 2175; x_wconf 88' lang='lat' dir='ltr'><strong>querelis</strong></span> <span class='ocrx_word' id='word_1_107' title='bbox 942 2101 1268 2176; x_wconf 89' lang='lat' dir='ltr'><strong>principem</strong></span> <span class='ocrx_word' id='word_1_108' title='bbox 1311 2102 1603 2162; x_wconf 88' lang='lat' dir='ltr'><strong>inducens</strong></span> <span class='ocrx_word' id='word_1_109' title='bbox 1651 2121 1891 2163; x_wconf 73' lang='lat' dir='ltr'><strong>senemt</strong></span> 
     </span>
     <span class='ocr_line' id='line_1_23' title="bbox 339 2181 1615 2262; baseline 0.005 -23"><span class='ocrx_word' id='word_1_110' title='bbox 339 2181 529 2255; x_wconf 81' lang='lat' dir='ltr'><strong>Quem</strong></span> <span class='ocrx_word' id='word_1_111' title='bbox 570 2183 899 2262; x_wconf 85' lang='lat' dir='ltr'><strong>Bombylea</strong></span> <span class='ocrx_word' id='word_1_112' title='bbox 942 2186 1142 2258; x_wconf 78' lang='lat' dir='ltr'><strong>vallis,</strong></span> <span class='ocrx_word' id='word_1_113' title='bbox 1189 2193 1251 2243; x_wconf 89' lang='lat' dir='ltr'><strong>et</strong></span> <span class='ocrx_word' id='word_1_114' title='bbox 1288 2186 1615 2245; x_wconf 89' lang='lat' dir='ltr'><strong>Temmicia</strong></span> 
     </span>
     <span class='ocr_line' id='line_1_24' title="bbox 334 2268 1598 2346; baseline 0.004 -21"><span class='ocrx_word' id='word_1_115' title='bbox 334 2268 568 2327; x_wconf 87' lang='lat' dir='ltr'><strong>Infame</strong></span> <span class='ocrx_word' id='word_1_116' title='bbox 612 2271 785 2330; x_wconf 89' lang='lat' dir='ltr'><strong>nobis</strong></span> <span class='ocrx_word' id='word_1_117' title='bbox 832 2279 991 2329; x_wconf 83' lang='lat' dir='ltr'><strong>terra</strong></span> <span class='ocrx_word' id='word_1_118' title='bbox 1032 2271 1321 2346; x_wconf 84' lang='lat' dir='ltr'><strong>produxit</strong></span> <span class='ocrx_word' id='word_1_119' title='bbox 1358 2273 1598 2346; x_wconf 86' lang='lat' dir='ltr'><strong>malum,</strong></span> 
     </span>
     <span class='ocr_line' id='line_1_25' title="bbox 338 2352 1599 2431; baseline 0.001 -17"><span class='ocrx_word' id='word_1_120' title='bbox 338 2352 623 2414; x_wconf 88' lang='lat' dir='ltr'><strong>Servatus</strong></span> <span class='ocrx_word' id='word_1_121' title='bbox 660 2374 817 2415; x_wconf 90' lang='lat' dir='ltr'><strong>unus</strong></span> <span class='ocrx_word' id='word_1_122' title='bbox 857 2358 1187 2414; x_wconf 85' lang='lat' dir='ltr'><strong>navitarum</strong></span> <span class='ocrx_word' id='word_1_123' title='bbox 1225 2357 1286 2413; x_wconf 92' lang='lat' dir='ltr'><strong>in</strong></span> <span class='ocrx_word' id='word_1_124' title='bbox 1327 2358 1599 2431; x_wconf 86' lang='lat' dir='ltr'><strong>patriam.</strong></span> 
     </span>
     <span class='ocr_line' id='line_1_26' title="bbox 334 2439 1689 2518; baseline 0.003 -22"><span class='ocrx_word' id='word_1_125' title='bbox 334 2439 652 2499; x_wconf 89' lang='lat' dir='ltr'><strong>Postremo</strong></span> <span class='ocrx_word' id='word_1_126' title='bbox 701 2442 895 2516; x_wconf 89' lang='lat' dir='ltr'><strong>qualis</strong></span> <span class='ocrx_word' id='word_1_127' title='bbox 942 2442 1105 2500; x_wconf 91' lang='lat' dir='ltr'><strong>larus</strong></span> <span class='ocrx_word' id='word_1_128' title='bbox 1156 2442 1436 2518; x_wconf 81' lang='lat' dir='ltr'><strong>angarias</strong></span> <span class='ocrx_word' id='word_1_129' title='bbox 1484 2442 1689 2514; x_wconf 79' lang='lat' dir='ltr'><strong>marie,</strong></span> 
     </span>
    </p>

    <p class='ocr_par' dir='ltr' id='par_1_12' title="bbox 198 2524 1719 2942">
     <span class='ocr_line' id='line_1_27' title="bbox 198 2524 1719 2601; baseline 0.006 -25"><span class='ocrx_word' id='word_1_130' title='bbox 198 2524 303 2579; x_wconf 85' lang='lat'><strong>790</strong></span> <span class='ocrx_word' id='word_1_131' title='bbox 339 2524 633 2599; x_wconf 87' lang='lat' dir='ltr'><strong>Salsaque</strong></span> <span class='ocrx_word' id='word_1_132' title='bbox 679 2546 888 2584; x_wconf 85' lang='lat' dir='ltr'><strong>murex</strong></span> <span class='ocrx_word' id='word_1_133' title='bbox 932 2544 1151 2601; x_wconf 87' lang='lat' dir='ltr'><strong>corpus</strong></span> <span class='ocrx_word' id='word_1_134' title='bbox 1193 2527 1354 2583; x_wconf 91' lang='lat' dir='ltr'><strong>unda</strong></span> <span class='ocrx_word' id='word_1_135' title='bbox 1398 2529 1719 2599; x_wconf 78' lang='lat' dir='ltr'><strong>exereitu8‚</strong></span> 
     </span>
     <span class='ocr_line' id='line_1_28' title="bbox 336 2611 1510 2670; baseline 0.001 -2"><span class='ocrx_word' id='word_1_136' title='bbox 336 2611 649 2668; x_wconf 84' lang='lat' dir='ltr'><strong>Exhausta</strong></span> <span class='ocrx_word' id='word_1_137' title='bbox 690 2612 836 2669; x_wconf 85' lang='lat' dir='ltr'><strong>luxu</strong></span> <span class='ocrx_word' id='word_1_138' title='bbox 879 2611 1322 2670; x_wconf 42' lang='lat' dir='ltr'><strong>Proniensiums</strong></span> <span class='ocrx_word' id='word_1_139' title='bbox 1355 2614 1510 2670; x_wconf 90' lang='lat' dir='ltr'><strong>bona</strong></span> 
     </span>
     <span class='ocr_line' id='line_1_29' title="bbox 338 2695 1694 2773; baseline -0.001 -19"><span class='ocrx_word' id='word_1_140' title='bbox 338 2695 504 2754; x_wconf 91' lang='lat' dir='ltr'><strong>Olim</strong></span> <span class='ocrx_word' id='word_1_141' title='bbox 551 2715 587 2752; x_wconf 89' lang='lat' dir='ltr'><strong>a</strong></span> <span class='ocrx_word' id='word_1_142' title='bbox 621 2696 899 2754; x_wconf 82' lang='lat' dir='ltr'><strong>Lacaena</strong></span> <span class='ocrx_word' id='word_1_143' title='bbox 937 2697 1142 2773; x_wconf 88' lang='lat' dir='ltr'><strong>putida</strong></span> <span class='ocrx_word' id='word_1_144' title='bbox 1179 2697 1495 2756; x_wconf 85' lang='lat' dir='ltr'><strong>offendens</strong></span> <span class='ocrx_word' id='word_1_145' title='bbox 1533 2697 1694 2771; x_wconf 86' lang='lat' dir='ltr'><strong>lupa,</strong></span> 
     </span>
     <span class='ocr_line' id='line_1_30' title="bbox 337 2780 1552 2856; baseline 0.002 -18"><span class='ocrx_word' id='word_1_146' title='bbox 337 2780 529 2839; x_wconf 89' lang='lat' dir='ltr'><strong>Portu</strong></span> <span class='ocrx_word' id='word_1_147' title='bbox 566 2781 776 2840; x_wconf 90' lang='lat' dir='ltr'><strong>relicto</strong></span> <span class='ocrx_word' id='word_1_148' title='bbox 818 2800 1033 2856; x_wconf 86' lang='lat' dir='ltr'><strong>passus</strong></span> <span class='ocrx_word' id='word_1_149' title='bbox 1081 2782 1316 2839; x_wconf 89' lang='lat' dir='ltr'><strong>occidet</strong></span> <span class='ocrx_word' id='word_1_150' title='bbox 1360 2801 1552 2840; x_wconf 85' lang='lat' dir='ltr'><strong>senex</strong></span> 
     </span>
     <span class='ocr_line' id='line_1_31' title="bbox 341 2864 1655 2942; baseline -0.001 -18"><span class='ocrx_word' id='word_1_151' title='bbox 341 2864 566 2925; x_wconf 87' lang='lat' dir='ltr'><strong>Corvus</strong></span> <span class='ocrx_word' id='word_1_152' title='bbox 617 2868 726 2925; x_wconf 89' lang='lat' dir='ltr'><strong>sub</strong></span> <span class='ocrx_word' id='word_1_153' title='bbox 773 2868 953 2925; x_wconf 87' lang='lat' dir='ltr'><strong>armis</strong></span> <span class='ocrx_word' id='word_1_154' title='bbox 992 2866 1191 2924; x_wconf 86' lang='lat' dir='ltr'><strong>Neriti</strong></span> <span class='ocrx_word' id='word_1_155' title='bbox 1231 2867 1396 2925; x_wconf 89' lang='lat' dir='ltr'><strong>lucos</strong></span> <span class='ocrx_word' id='word_1_156' title='bbox 1442 2885 1655 2942; x_wconf 85' lang='lat' dir='ltr'><strong>prope:</strong></span> 
     </span>
    </p>

    <p class='ocr_par' dir='ltr' id='par_1_13' title="bbox 200 2946 1866 3369">
     <span class='ocr_line' id='line_1_32' title="bbox 200 2946 1627 3026; baseline 0 -18"><span class='ocrx_word' id='word_1_157' title='bbox 200 2946 302 3000; x_wconf 86' lang='grc'><strong>795</strong></span> <span class='ocrx_word' id='word_1_158' title='bbox 341 2951 535 3026; x_wconf 81' lang='lat' dir='ltr'><strong>Quem</strong></span> <span class='ocrx_word' id='word_1_159' title='bbox 581 2952 767 3009; x_wconf 88' lang='lat' dir='ltr'><strong>latere</strong></span> <span class='ocrx_word' id='word_1_160' title='bbox 814 2953 984 3010; x_wconf 88' lang='lat' dir='ltr'><strong>fosso</strong></span> <span class='ocrx_word' id='word_1_161' title='bbox 1030 2951 1234 3025; x_wconf 90' lang='lat' dir='ltr'><strong>cuspis</strong></span> <span class='ocrx_word' id='word_1_162' title='bbox 1279 2951 1627 3010; x_wconf 83' lang='lat' dir='ltr'><strong>incurabilis</strong></span> 
     </span>
     <span class='ocr_line' id='line_1_33' title="bbox 336 3034 1408 3096; baseline -0.001 -2"><span class='ocrx_word' id='word_1_163' title='bbox 336 3037 536 3096; x_wconf 84' lang='lat' dir='ltr'><strong>Piscis</strong></span> <span class='ocrx_word' id='word_1_164' title='bbox 580 3038 816 3095; x_wconf 86' lang='lat' dir='ltr'><strong>necabit</strong></span> <span class='ocrx_word' id='word_1_165' title='bbox 850 3036 1056 3094; x_wconf 87' lang='lat' dir='ltr'><strong>aculeo</strong></span> <span class='ocrx_word' id='word_1_166' title='bbox 1106 3034 1408 3096; x_wconf 89' lang='lat' dir='ltr'><strong>Sardonii.</strong></span> 
     </span>
     <span class='ocr_line' id='line_1_34' title="bbox 337 3120 1565 3197; baseline -0.002 -17"><span class='ocrx_word' id='word_1_167' title='bbox 337 3120 653 3196; x_wconf 87' lang='lat' dir='ltr'><strong>Natusque</strong></span> <span class='ocrx_word' id='word_1_168' title='bbox 693 3123 879 3197; x_wconf 88' lang='lat' dir='ltr'><strong>patris</strong></span> <span class='ocrx_word' id='word_1_169' title='bbox 924 3121 1194 3178; x_wconf 85' lang='lat' dir='ltr'><strong>carnifex</strong></span> <span class='ocrx_word' id='word_1_170' title='bbox 1234 3122 1565 3192; x_wconf 85' lang='lat' dir='ltr'><strong>vocabitur,</strong></span> 
     </span>
     <span class='ocr_line' id='line_1_35' title="bbox 339 3206 1536 3283; baseline -0.001 -18"><span class='ocrx_word' id='word_1_171' title='bbox 339 3207 596 3266; x_wconf 89' lang='lat' dir='ltr'><strong>Achillis</strong></span> <span class='ocrx_word' id='word_1_172' title='bbox 639 3208 746 3265; x_wconf 92' lang='lat' dir='ltr'><strong>ille</strong></span> <span class='ocrx_word' id='word_1_173' title='bbox 791 3207 1193 3266; x_wconf 89' lang='lat' dir='ltr'><strong>consobrinus</strong></span> <span class='ocrx_word' id='word_1_174' title='bbox 1240 3206 1536 3283; x_wconf 77' lang='lat' dir='ltr'><strong>coniugis·</strong></span> 
     </span>
     <span class='ocr_line' id='line_1_36' title="bbox 336 3289 1866 3369; baseline -0.002 -20"><span class='ocrx_word' id='word_1_175' title='bbox 336 3292 494 3350; x_wconf 88' lang='lat' dir='ltr'><strong>Post</strong></span> <span class='ocrx_word' id='word_1_176' title='bbox 533 3292 713 3350; x_wconf 88' lang='lat' dir='ltr'><strong>funus</strong></span> <span class='ocrx_word' id='word_1_177' title='bbox 759 3311 1041 3369; x_wconf 87' lang='lat' dir='ltr'><strong>augurem</strong></span> <span class='ocrx_word' id='word_1_178' title='bbox 1079 3292 1348 3367; x_wconf 84' lang='lat' dir='ltr'><strong>Eurytan</strong></span> <span class='ocrx_word' id='word_1_179' title='bbox 1389 3291 1646 3367; x_wconf 89' lang='lat' dir='ltr'><strong>populus</strong></span> <span class='ocrx_word' id='word_1_180' title='bbox 1688 3289 1866 3362; x_wconf 83' lang='lat' dir='ltr'><strong>colet,</strong></span> 
     </span>
    </p>

    <p class='ocr_par' dir='ltr' id='par_1_14' title="bbox 202 3370 1730 3624">
     <span class='ocr_line' id='line_1_37' title="bbox 202 3370 1730 3453; baseline -0.004 -16"><span class='ocrx_word' id='word_1_181' title='bbox 202 3370 306 3424; x_wconf 78' lang='lat'><strong>800</strong></span> <span class='ocrx_word' id='word_1_182' title='bbox 340 3378 421 3437; x_wconf 90' lang='lat' dir='ltr'><strong>Et</strong></span> <span class='ocrx_word' id='word_1_183' title='bbox 463 3377 564 3451; x_wconf 91' lang='lat' dir='ltr'><strong>qui</strong></span> <span class='ocrx_word' id='word_1_184' title='bbox 608 3377 803 3435; x_wconf 89' lang='lat' dir='ltr'><strong>cubile</strong></span> <span class='ocrx_word' id='word_1_185' title='bbox 844 3377 1222 3453; x_wconf 84' lang='lat' dir='ltr'><strong>Tramphyae</strong></span> <span class='ocrx_word' id='word_1_186' title='bbox 1265 3377 1492 3436; x_wconf 90' lang='lat' dir='ltr'><strong>celsum</strong></span> <span class='ocrx_word' id='word_1_187' title='bbox 1535 3382 1730 3432; x_wconf 85' lang='lat' dir='ltr'><strong>tenet:</strong></span> 
     </span>
     <span class='ocr_line' id='line_1_38' title="bbox 339 3460 1692 3535; baseline -0.001 -16"><span class='ocrx_word' id='word_1_188' title='bbox 339 3462 412 3519; x_wconf 92' lang='lat' dir='ltr'><strong>In</strong></span> <span class='ocrx_word' id='word_1_189' title='bbox 460 3480 576 3535; x_wconf 85' lang='lat' dir='ltr'><strong>qua</strong></span> <span class='ocrx_word' id='word_1_190' title='bbox 615 3463 853 3520; x_wconf 88' lang='lat' dir='ltr'><strong>necabit</strong></span> <span class='ocrx_word' id='word_1_191' title='bbox 896 3462 1216 3521; x_wconf 88' lang='lat' dir='ltr'><strong>Herculem</strong></span> <span class='ocrx_word' id='word_1_192' title='bbox 1262 3480 1472 3520; x_wconf 85' lang='lat' dir='ltr'><strong>rursus</strong></span> <span class='ocrx_word' id='word_1_193' title='bbox 1517 3460 1692 3517; x_wconf 86' lang='lat' dir='ltr'><strong>draco</strong></span> 
     </span>
     <span class='ocr_line' id='line_1_39' title="bbox 341 3544 1705 3624; baseline -0.002 -19"><span class='ocrx_word' id='word_1_194' title='bbox 341 3546 725 3624; x_wconf 85' lang='lat' dir='ltr'><strong>Tymphaeus</strong></span> <span class='ocrx_word' id='word_1_195' title='bbox 770 3548 836 3606; x_wconf 90' lang='lat' dir='ltr'><strong>in</strong></span> <span class='ocrx_word' id='word_1_196' title='bbox 879 3547 1171 3621; x_wconf 87' lang='lat' dir='ltr'><strong>convivio,</strong></span> <span class='ocrx_word' id='word_1_197' title='bbox 1214 3565 1327 3605; x_wconf 89' lang='lat' dir='ltr'><strong>rex</strong></span> <span class='ocrx_word' id='word_1_198' title='bbox 1369 3544 1705 3616; x_wconf 85' lang='lat' dir='ltr'><strong>Aethicum‚</strong></span> 
     </span>
    </p>
   </div>
  </div>
 </body>
</html>
