2452 4186
979 400 1039 407 ,-
1080 311 1193 371 127
1230 401 1280 406 .-

228 475 439 541 Κλαίει
472 478 506 540 ὁ
556 476 842 560 νικηθεὶς,
889 476 923 538 ὁ
970 476 1335 560 δὲ-νικήσας
1374 475 1725 540 ἀπόλωλεν.

227 559 489 629 Κωπέας
531 559 669 624 ἄνθ’
714 561 922 624 ὅπλων
969 564 1071 625 καὶ
1104 564 1248 646 νήϊα
1307 563 1657 631 ’λλάΕαντο.

227 645 463 731 Λύχνου
553 643 923 730 ρεῖανέχων
964 647 1198 732 ἐπιχεῖν
1251 587 1529 730 μέμνησο
1579 644 1806 709 ἔλαιον.

229 728 474 793 Μᾶλλον
505 668 645 811 {7¹3²
690 730 977 814 βραδυνῶ
1027 729 1308 795 σπεύδων
1335 731 1491 816 ταχὺ
1527 732 1724 793 πάντα
1752 730 2038 793 διελθεῖν.

229 813 614 898 Μάρπτει.δ’
655 815 854 897 ἑξείης
899 815 1035 878 ὅστ’
1080 815 1290 891 αἴτιος,
1333 816 1472 878 ὅστε
1517 816 1619 877 καὶ
1664 813 1819 877 οὐκί.

229 897 445 983 Μέτρω
488 898 1321 985 ὕδωρ.πίνουσιν,γάμέτρως
1370 901 1563 1008 μάζαν
1614 897 1845 962 ἔδουσι.

230 981 327 1067 Μὴ
367 963 518 1047 κίνει
562 981 950 1067 Καμαρῖναν,
996 986 1279 1069 ἀκίνητος
1318 1007 1432 1069 γαρ
1475 984 1766 1067 ἀμείνων.

230 1069 327 1154 Μὴ
373 1073 535 1152 μαιῶ
587 1064 897 1151 μαλακὸν,’
936 1071 1015 1153 μὴ
1056 1070 1161 1133 καὶ
1199 1075 1288 1154 τῷ
1334 1072 1583 1153 σκληρῷ
1629 1068 1921 1153 ἅπαν-τῇς.

228 1154 327 1240 Μή
369 1176 521 1218 ποτε
562 1153 953 1217 δουλεύσασα
996 1155 1146 1237 γυνὴ
1187 1153 1482 1217 δέσποινα
1516 1151 1775 1234 γένοιτο.

228 1240 326 1324 Μὴ
368 1239 599 1345 τέφραν
647 1239 892 1321 φεύγων
941 1240 1026 1307 εἰς
1065 1238 1399 1321 ἀνθρακιὰν
1445 1237 1841 1320 περιπίπτοις.

230 1323 397 1408 Μήτε
439 1325 610 1406 δικην
657 1324 931 1406 δικάσῃς,
975 1325 1110 1407 πρὶν
1159 1321 1230 1385 ἂν
1265 1324 1496 1407 ἀμφοῖν
1525 1322 1719 1404 μῦθον
1750 1321 2040 1405 ἀκούσῃς.

230 1408 458 1476 Μισθὸς
506 1408 565 1469 δ’
612 1408 786 1494 ἀνδρὶ
839 1409 1000 1491 φίλῳ
1039 1407 1362 1492 εἰρημένος
1401 1405 1610 1489 ἄρκιος
1652 1403 1832 1468 ἔστω.

229 1492 484 1577 Μωρὸς,.
520 1491 589 1561 ὃς
635 1493 772 1554 εἷλε.
807 1493 874 1554 τὸ
913 1495 1146 1577 χεῖρον,
1199 1490 1614 1576 ἀμεινοτέρων
1660 1489 2039 1577 παρεόντων.

230 1575 392 1646 Ναῢς
434 1576 505 1640 δέ
544 1599 632 1644 τις
678 1576 1004 1659 ὠκύπορος
1044 1577 1252 1659 Σαμία
1296 1578 1403 1653 ὑὸς
1449 1574 1613 1642 εἶδος
1658 1572 1693 1636 ἔ
1737 1597 1914 1638 ουσα.

232 1654 443 1746 Νεβρέ,
481 1666 682 1747 κρεῶν
727 1663 809 1745 μὴ
856 1666 1074 1746 μοῖραν
1118 1661 1261 1726 ἕλευ
1311 1660 1626 1724 κατέναντι
1664 1660 1700 1720 λ
1740 1682 1930 1728 οντος.

231 1746 459 1830 Νεκροῦ
502 1752 686 1829 σῶμα
729 1745 976 1814 λέοντος
1023 1748 1423 1832 ἐφυβρίζουσι
1461 1744 1717 1826 λαγωοί.

230 1829 468 1913 Νεῧμαί
509 1854 610 1894 σοι
654 1836 759 1895 νεῦ
813 1853 877 1895 αι
921 1831 1246 1909 ἐνιαύσιος,
1293 1832 1453 1892 ὥστε
1496 1830 1785 1914 χελιδών.

232 1914 476 1999 Νήπιος,
516 1916 587 1984 ὃς
623 1934 745 1977 πατ
786 1937 863 1998 ρα
911 1916 1167 1993 κτείνας,
1209 1916 1435 1981 παῖδας
1476 1913 1851 1977 καταλείπει.

231 1997 477 2084 Νήπιᾳς,
519 2001 590 2068 ὃς
631 1998 706 2061 τὰ
750 1999 968 2083 ἕτοιμα
1011 2003 1224 2076 λιπὼν,
1275 1999 1570 2081 ἀνέτοιμα
1616 1998 1849 2061 διώκει.

222 2081 294 2149 ‘O
337 2082 491 2154 Ζεὺς
532 2084 777 2149 ἄλλοκα
820 2086 933 2169 μὲν
976 2084 1153 2168 πέλει
1199 2083 1457 2168 αἴθριος,
1499 2082 1737 2146 άλλοκα
1785 2082 1847 2145 δ’
1888 2083 2003 2147 ὕει.

233 2167 304 2234 Οἱ
341 2169 505 2255 αὐτῷ
553 2169 718 2232 κακὰ
759 2171 967 2255 τεύχει
1013 2172 1190 2255 ἀνὴρ,
1234 2170 1415 2255 ,ἄλλῳ
1458 2168 1617 2231 κακὰ
1660 2169 1921 2252 τεύχων.
2113 2243 2118 2248 ,

233 2251 305 2318 Οἳ
343 2254 587 2317 πίνουσι
628 2252 814 2337 μόνον
865 2256 1191 2341 βατράχων
1236 2254 1483 2338 τρόπον,
1532 2252 1713 2315 οὐδὲν
1752 2251 2013 2320 ἔδοντες.

230 2334 403 2406 Οἷνος
445 2340 549 2402 καὶ
596 2339 970 2423 φρονέοντας
1011 2340 1073 2408 ἐς
1118 2338 1476 2425 ἀφροσύνην
1523 2338 1880 2421 ἀναβάλλει.

233 2419 402 2492 OM<
443 2447 539 2486 τοι
578 2424 852 2507 χαρίεντι
887 2424 1064 2486 πέλει
1108 2421 1301 2509 ταχὺς
1342 2422 1525 2487 ἵππος
1570 2422 1785 2504 ἀοιδῷ.

219 2499 416 2586 Ὅστις
453 2508 806 2591 Ἀθηναίων
851 2509 1106 2591 ἀγαθὸς,
1146 2507 1371 2592 σφόδρ’
1416 2506 1540 2570 ἐστὶ
1579 2509 1874 2572 τοιοῦτος.
2023 2535 2028 2540 ·

217 2584 402 2669 Ὅ,ττι
443 2595 634 2656 καλὸν
664 2593 843 2677 φίλον
875 2593 1028 2656 ἐστὶ·
1070 2595 1136 2655 τὸ
1163 2594 1226 2655 δ’
1261 2592 1335 2655 οὐ
1366 2590 1555 2653 καλὸν
1583 2588 1657 2651 οὔ
1686 2589 1863 2673 φίλον
1893 2589 2038 2653 ἐστί.

234 2672 315 2739 Οὐ
358 2677 471 2761 γὰρ
513 2678 760 2740 πώποτ’
788 2677 940 2759 ἐμὰς
968 2680 1115 2763 βοῦς
1138 2676 1403 2760 ἤλασαν,
1441 2673 1769 2737 οὐδέποθ’
1800 2674 2039 2743 ἵππους.

234 2757 317 2824 Οὐ
360 2762 431 2824 δὲ
472 2764 640 2826 κύων
688 2761 759 2825 ἂν
809 2766 1212 2846 σκυτοφαγεῖν
1262 2760 1565 2824 παύσαιτο
1612 2759 1921 2841 μαθοῦσα.

235 2841 318 2907 Οὐ
356 2846 424 2909 δὲ
469 2846 868 2930 Συρακοσίων
918 2847 1174 2929 δεκάτην
1219 2844 1540 2930 κολοφῶν’
1590 2843 1911 2927 ἐπέθηκεν.

235 2925 318 2992 Οὐ
366 2930 630 3014 δύναμαι
664 2931 768 2994 τὰν
809 2930 952 3014 αἶγα
997 2930 1234 3015 φέρειν·
1283 2931 1352 2993 σὺ
1396 2931 1467 2993 δὲ
1494 2932 1641 3016 βοῦν
1673 2928 2038 3013 ἐπιβάλλεις.

234 3008 318 3076 Οὐ
364 3014 569 3095 μέντοι
610 3016 779 3099 παρὰ
816 3014 1029 3099 κωφὸν
1078 3016 1110 3077 ὁ
1151 3016 1382 3099 τυφλὸς
1426 3013 1591 3078 ἔοικε
1639 3015 1925 3095 λαλῆσαι.

235 3092 424 3160 Οὐδὲν
469 3101 533 3163 ἐν
578 3101 930 3184 ἀνθρώποις
968 3100 1624 3183 ἀπεραντολογώτερον
1672 3097 1910 3181 ἀνδρός.

236 3176 358 3244 Οὐκ
398 3182 468 3246 ἂν
510 3186 796 3267 ποιήσαις
833 3187 900 3249 τὸ
944 3183 1306 3266 τετυγμένον
1346 3183 1503 3245 εἶναι
1551 3184 1825 3247 ἄτυκτον.

237 3262 359 3328 Οὒκ
403 3266 491 3331 ἔτι
527 3272 925 3351 γινώσκουσιν
967 3266 1296 3351 Ἀθηναῖοι
1335 3265 1688 3351 Μεγαρῆας.

237 3345 371 3413 Οὐκ
399 3352 587 3459 ἐχρῆν
633 3354 809 3439 ἰχθὺν
854 3354 1260 3437 ἀποκείμενον
1306 3352 1393 3420 εἰς
1437 3352 1622 3436 μέσον
1669 3353 1886 3416 ἕλκειν.

238 3429 367 3519 Οὐχ
407 3460 570 3500 ουτω
612 3441 757 3524 πυρὶ
795 3444 936 3521 πῦρ,
976 3439 1078 3501 καὶ
1124 3436 1294 3521 σύκῳ
1335 3442 1518 3500 σῦκον
1562 3436 1798 3519 ὅμοιον.

238 3512 391 3604 Οὐχὶ
429 3521 626 3605 λόγων
668 3523 866 3607 ἀγορὰ
908 3523 1072 3588 δεῖθ’
1096 3519 1427 3598 Ἑλλάδος,
1476 3517 1639 3585 ἀλλά
1680 3544 1775 3585 τοι
1819 3517 2036 3606 ἔργων.
