2452 4186
1054 310 1178 370 303

197 472 540 550 Statimque
585 474 800 552 volgus
840 479 1023 537 armis

196 558 399 618 Omne
439 558 782 618 confodient
826 580 942 620 me.

196 643 344 701 Tec.
433 642 570 701 Vah
609 644 868 705 misera:
914 649 1071 707 tales
1115 668 1462 708 maxumum
1506 671 1682 711 voces
1729 655 1920 713 virum
2022 658 2126 712 410

194 728 449 802 Efflare‚
497 747 651 805 quas
698 749 813 788 nec
853 750 1040 792 ausus
1087 742 1253 794 esset
1297 737 1596 794 antehac?

756 815 814 872 4.
859 818 1247 895 Antistropha
1284 820 1463 879 XVI.

194 897 294 955 Ai.
379 896 581 955 Fluvii
621 900 903 974 mariflui‚
944 911 1004 960 et
1046 905 1349 963 maritima
1388 915 1581 978 antra,

194 983 276 1040 Et
313 981 618 1040 littoreum
661 985 779 1043 hoc
817 1006 1052 1061 nemus,

194 1066 320 1125 Diu
362 1067 465 1124 diu
509 1086 606 1124 me
647 1069 787 1144 plus
835 1073 987 1131 satis

196 1152 451 1210 Tenetis
497 1159 637 1209 ante
679 1154 945 1214 Troiam.

194 1236 442 1295 Atenim
479 1238 647 1294 haud*
681 1239 910 1299 lumine
953 1260 1110 1298 com-

195 1329 435 1398 -potem
482 1322 741 1398 amplius
786 1325 1009 1384 licebit.

197 1405 461 1466 Credere
504 1407 621 1464 hoc
663 1419 844 1486 neget
883 1431 1085 1468 nemo·

196 1492 253 1552 O
298 1489 692 1566 Scamander,
739 1495 840 1568 qui
884 1496 1203 1572 proximus
1248 1496 1384 1555 fluis

193 1576 541 1636 Benevolus
585 1579 865 1655 Argivis:

193 1661 343 1720 Non
387 1657 654 1722 tueb'eris
830 1682 833 1685 ·

192 1747 478 1823 Amplius
518 1748 711 1806 virum
755 1752 913 1809 hunc

195 1832 451 1907 (Dicere
495 1853 622 1891 non
664 1837 948 1912 verebor)
995 1855 1103 1893 ex-

196 1918 423 1990 -erciti‚
473 1920 761 1993 omnium,

195 2003 366 2077 Quos
416 2001 608 2061 Troia
648 2005 817 2077 vidit,
864 2014 1172 2080 optumum

196 2086 592 2147 Graecanici:
643 2099 705 2147 at
744 2091 877 2149 sine
921 2090 1042 2149 ullo

193 2172 379 2232 Nunc
421 2174 651 2232 honore
693 2176 1010 2234 iacentem.

197 2258 309 2318 Ch.
396 2257 532 2316 Nec
575 2262 1035 2337 comprimendi,
1077 2279 1190 2317 nec
1235 2260 1579 2319 remittendi
1621 2265 1729 2335 tui,

193 2343 405 2403 Ullum
450 2344 689 2402 modum
730 2347 951 2404 habeo:
1000 2353 1170 2402 tanta
1210 2353 1269 2401 te
1313 2345 1665 2404 incumbunt
1702 2348 1883 2405 mala.

196 2429 297 2487 Αἱ.
387 2430 501 2501 Ai,
528 2430 611 2502 ai,
657 2432 1099 2505 quis›unquam
1143 2437 1231 2486 tot
1270 2448 1470 2486 meum
1514 2434 1869 2508 cognomine

197 2514 356 2572 Meis
403 2522 682 2590 putasset
725 2517 1046 2574 concinere
1090 2533 1308 2572 nomen
1344 2514 1568 2575 malis?

196 2599 300 2670 Αἱ,
344 2598 401 2655 ai
438 2598 582 2657 licet
624 2620 782 2659 nunc
825 2600 1109 2677 proloqui
1152 2600 1270 2671 bis,
1317 2606 1410 2656 ter
1453 2600 1620 2657 mihi.

195 2682 364 2741 Nam
407 2704 505 2743 me
549 2686 840 2744 malorum
880 2694 1050 2746 tanta
1095 2685 1423 2743 circunstat
1463 2687 1695 2745 cohors.

198 2767 390 2829 Cuius
426 2779 602 2845 pater
642 2790 923 2831 reversus
972 2774 1048 2830 ab
1096 2770 1321 2828 Troiae
1364 2771 1476 2827 hoc
1521 2772 1657 2830 solo

195 2854 468 2913 Domum
506 2856 724 2915 redivit
767 2865 998 2916 mactus
1045 2857 1211 2915 omni
1256 2856 1499 2913 adorea.

196 2940 334 3016 Ego
385 2950 587 2999 autem
631 2933 844 3001 eodem
888 2950 1090 3015 natus,
1125 2942 1201 2999 ad
1245 2941 1501 2999 eundem
1546 2943 1740 3002 locum

197 3024 548 3099 Profectus,
588 3027 807 3086 iisdem
850 3029 1079 3086 viribus
1126 3047 1251 3085 non
1294 3028 1596 3104 indigens,

199 3107 320 3181 Qui
364 3129 477 3168 nec
519 3112 749 3170 minora
795 3122 972 3189 pat-re
1016 3112 1257 3189 patravi
1296 3131 1499 3184 manu,

198 3193 343 3253 Heu
385 3216 572 3272 pereo
615 3198 694 3255 ad
737 3198 921 3256 istum
961 3199 1287 3255 inhonorus
1324 3197 1566 3274 Argivis
1612 3200 1875 3258 modum.

198 3277 327 3339 Sed
370 3282 489 3340 hoc
529 3283 652 3341 scio
697 3284 856 3341 haud
898 3282 1196 3341 obnoxie:
1249 3281 1303 3339 si
1348 3283 1423 3339 de
1469 3283 1595 3341 suis

200 3364 435 3425 Vivens
484 3367 761 3428 Achilles
810 3376 1019 3445 captus
1063 3368 1247 3426 armis
1291 3368 1516 3425 arbiter

196 3449 576 3510 Palmarium
611 3454 847 3513 virtutis
891 3453 1075 3512 alicui
1119 3452 1445 3525 addiceret,

195 3534 403 3596 Nemo
444 3538 804 3598 abstulisset
848 3540 956 3597 illa
990 3548 1131 3597 tunc
1175 3555 1372 3597 meam
1409 3538 1619 3599 vicem.

2025 2014 2127 2068 425

2025 2441 2128 2496 430

1921 2897 1930 2906 ,
2026 2858 2127 2912 435

2025 3202 2234 3257 440·
