2452 4186
1074 327 1198 386 339

226 496 514 555 Vitulans
561 504 814 555 ovanter
852 505 1043 558 morte
1084 496 1341 555 confecti
1387 497 1530 555 viri:
2056 497 2158 552 285

226 580 356 641 Sed
399 582 561 639 circa
604 599 840 658 puppes
887 582 1097 642 ultimo
1145 590 1328 640 aucto
1368 582 1614 657 spiritus
2069 585 2072 590 ’

224 667 530 737 Excurs0,
573 666 796 725 amaris
841 666 1082 742 ignibus
1125 667 1507 739 cremabitur,

227 752 435 808 Iovem
478 751 773 828 Fugalem
818 751 1082 826 plurima
1126 753 1403 811 incalans
1431 770 1629 828 ‘prece

225 839 458 894 Amara
495 836 624 894 fata
669 845 1050 895 concremato
1093 844 1386 896 avertere.

225 920 363 979 Nec
407 940 613 1000 agger,
657 930 760 978 aut
802 923 1016 980 navale
1062 923 1598 999 propugnaculum,
2054 922 2159 975 290

225 1005 362 1064 Nec
405 1007 782 1065 crebrisurus
814 1006 1057 1082 pluteus
1095 1016 1277 1083 atque
1322 1007 1626 1078 scansilia,

228 1089 375 1149 Non
418 1091 637 1149 iuverit
674 1091 888 1164 lorica,
940 1113 1058 1150 non
1101 1093 1424 1168 pinnarum
1470 1110 1648 1169 opuS,

229 1174 354 1235 Sed
392 1175 562 1234 fumo
604 1183 670 1232 ut
714 1195 828 1233 axe
871 1178 1266 1254 conglobatae
1312 1178 1608 1253 apiculae,

226 1259 490 1335 Vaporis
536 1279 704 1331 aura,
749 1261 1119 1336 turriumque
1158 1264 1435 1333 verbere,

225 1345 281 1404 E
325 1365 534 1422 puppe
579 1346 916 1421 rostrisque
961 1355 1142 1422 atque
1187 1357 1518 1405 rostrorum
1554 1345 1706 1404 foris
2056 1345 2160 1401 295

226 1428 445 1488 Crebri
488 1431 858 1505 petauristae
902 1441 962 1489 et
1006 1431 1302 1490 sedilibus
1351 1431 1478 1490 suis

227 1513 404 1574 Saltu
442 1516 831 1602 peregrinam
869 1518 1264 1575 cruentabunt
1306 1518 1572 1574 humum.

223 1599 580 1676 Procosque
622 1591 840 1659 multos
887 1600 1182 1660 Graeciae
1219 1602 1581 1700 palmarium

225 1684 431 1743 Hasta
468 1685 759 1758 ferentes,
806 1686 1069 1745 inclutos
1114 1688 1424 1762 prosapia,

225 1770 403 1827 Tuae
441 1769 674 1829 feroces
719 1779 914 1829 morte
956 1773 1304 1830 mactabunt
1347 1789 1563 1829 manus
2055 1771 2158 1825 300

226 1855 404 1913 Tabo
446 1863 755 1928 cruentae,
798 1876 1001 1914 amore
1043 1857 1192 1915 belli
1238 1857 1630 1933 asperrimae.

226 1938 354 2000 Sed
392 1940 530 2015 ipsa
570 1940 795 1997 luctum
838 1961 955 1999 non
996 1942 1294 2000 minorem
1339 1942 1661 2018 perferam,

227 2025 369 2082 Tuo
412 2043 524 2102 per
565 2045 739 2083 omne
784 2035 1017 2084 maesta
1062 2036 1300 2106 tempus
1345 2027 1578 2085 funere.

225 2109 394 2169 Nam
429 2110 560 2167 dira
598 2112 681 2168 mi
721 2110 832 2168 illa
874 2113 1005 2169 dira
1046 2113 1314 2173 lucescet
1356 2113 1509 2185 dies,

226 2195 767 2270 Gravissimusque
810 2196 1097 2270 luctuum,
1145 2200 1289 2256 anni
1336 2217 1452 2273 quo
1489 2217 1668 2257 senes
2054 2200 2155 2253 305

227 2279 473 2340 Circum
517 2288 791 2340 rotantes
833 2280 1187 2339 Noctilucae
1225 2282 1502 2340 viderint.
2041 2280 2044 2281 ⁷

224 2365 374 2423 Heu
420 2366 539 2422 heu
574 2366 904 2442 gemendus
952 2375 1011 2423 et
1052 2366 1198 2423 mihi
1235 2368 1342 2425 flos
1390 2374 1483 2423 est
1519 2374 1681 2438 tuus,

227 2451 288 2511 O
331 2449 518 2526 pulle,
553 2450 746 2509 dulcis
789 2452 905 2508 heu
951 2460 1264 2526 parentum
1312 2451 1570 2522 sarcina,

225 2539 460 2594 Amore
507 2554 756 2594 saevum
804 2537 907 2611 qui
954 2537 1277 2595 draconem
1323 2535 1604 2594 saucians

225 2622 311 2679 Et
347 2619 510 2677 illice
549 2620 698 2698 igni,
748 2622 1136 2697 sauciumque
1174 2621 1467 2697 compede
2051 2626 2155 2680 310

120 2748 125 2751 -
229 2705 425 2765 Grata
467 2724 757 2765 coercens
802 2715 1041 2783 tempus
1081 2709 1377 2785 ingratum
1421 2707 1626 2777 breve,

226 2794 289 2850 A
336 2791 541 2849 saucio
586 2812 707 2849 non
748 2793 881 2867 ipse
918 2793 1158 2851 saucius
1201 2800 1428 2863 tamen,

230 2876 577 2935 Truncatus
628 2896 792 2934 aram
832 2886 896 2934 tu
941 2878 1281 2936 cruentabis
1328 2876 1536 2952 patris.

228 2960 375 3018 Heu
418 2979 510 3018 me
554 2961 878 3034 misellam,
921 2970 982 3020 et
1016 2982 1125 3037 par
1163 2962 1488 3039 benignum
1532 2960 1851 3037 virginum,

232 3045 554 3120 Tuamque
595 3047 771 3104 bruta
813 3066 1149 3121 conqueror
1192 3048 1380 3104 fatum
1423 3046 1625 3104 canis:
2054 3048 2156 3103 315

234 3128 503 3202 Quarum
551 3149 830 3189 sororem·
869 3140 1032 3188 terra
1076 3132 1281 3189 nutrix
1325 3132 1576 3189 alteram

230 3214 462 3272 Hiulca
500 3215 815 3274 devorabit
851 3216 1045 3275 infero
1089 3236 1276 3294 specu

226 3300 460 3358 Adulta
502 3302 771 3376 proxime
816 3301 1146 3359 intuentem
1189 3299 1583 3370 incommoda,

229 3382 373 3458 Qua
410 3386 535 3442 late
577 3387 774 3444 avitus
809 3386 981 3445 lucus
1023 3395 1084 3443 et
1119 3389 1362 3446 bustum
1406 3386 1586 3461 lupae

224 3471 405 3528 Iacet
443 3470 721 3547 sepultae
763 3472 1072 3529 adulterae
1115 3491 1253 3530 cum
1295 3472 1445 3529 filio.
2051 3475 2158 3529 320

220 3555 597 3631 Priusquam
641 3575 817 3633 opem
862 3557 1157 3634 mulgeret
1194 3556 1398 3617 infans
1442 3556 1721 3625 lacteam,

1531 3649 1664 3710 22*
