2452 4186
1149 324 1224 385 13

293 480 494 542 Omnis
540 485 711 544 ocius
759 488 875 545 huc
920 508 1033 548 sua

362 567 513 626 Vota
558 573 902 631 contribuat
941 576 1070 649 tibi,

363 652 478 728 Qui
516 662 681 712 tuum
736 658 997 718 thiasum
1045 663 1212 736 colit,

350 737 497 812 Qui,
543 741 819 816 Melisse,
864 745 1062 804 sititor
1104 756 1201 807 est

357 822 845 900 Hippocrenidos
897 831 1113 890 undae.

277 909 464 966 Ambo
513 911 902 972 contribuant
943 934 1116 975 suum

354 991 633 1068 Carmen,
668 997 852 1073 inque
894 1001 1088 1058 vicem
1131 1003 1250 1063 sibi

354 1076 532 1137 Serta
571 1090 779 1140 mutua
825 1096 1181 1162 comparent

350 1162 506 1223 Filio
558 1166 817 1227 celebris
861 1189 1110 1246 parens,

348 1247 659 1326 Filiusque
696 1256 950 1328 parenti.

278 1331 503 1408 Tuque,
552 1354 707 1410 quae
752 1339 944 1397 semel
989 1340 1153 1398 edita

349 1417 533 1477 Prole
575 1430 770 1480 mater
815 1443 881 1482 es
929 1426 1133 1498 unius,

350 1505 545 1563 Mater
591 1507 735 1565 alite
780 1526 913 1566 cum
957 1511 1123 1569 bona

347 1589 520 1648 Vatis
568 1600 698 1650 esto
744 1613 858 1651 nec
900 1596 1105 1668 unius,

348 1673 478 1733 Nec
521 1686 775 1752 parente
820 1680 1095 1739 minoris.

574 1846 631 1903 4.
726 1849 802 1904 In
849 1850 1118 1907 tabellam
1163 1853 1424 1925 depictae
1464 1853 1769 1913 Dominae.

269 1925 412 1986 Cum
459 1930 767 1988 dominam
809 1942 1056 1992 nostrae
1099 1936 1319 1994 mentis
1349 1956 1582 1996 memor
1613 1958 1760 1999 aura
1781 1949 2087 2018 retractat,

346 2013 663 2074 Praesenti
709 2018 1023 2076 absentem
1067 2040 1255 2096 parva
1297 2023 1525 2080 tabella
1570 2025 1775 2085 refert.

266 2096 410 2157 Cum
455 2110 718 2160 mentem
763 2104 1034 2178 artificis,
1077 2125 1206 2164 cum
1249 2108 1437 2166 miror
1471 2110 1753 2188 imaginis
1791 2113 2087 2188 umbram,

347 2185 445 2242 Illi
487 2188 635 2245 hera
678 2207 810 2264 par,
869 2189 964 2246 vel
1003 2210 1117 2266 par
1164 2191 1272 2248 illa
1309 2194 1544 2252 videtur
1580 2196 1782 2253 herae.

263 2268 537 2346 Denique
577 2273 974 2349 quodcunque
1021 2285 1146 2347 est3
1195 2278 1410 2353 genius
1456 2280 1832 2340 certissimus
1875 2283 2024 2343 artis

347 2355 771 2415 Transformat
817 2378 1036 2419 sensus
1083 2362 1146 2419 in
1195 2381 1308 2420 sua
1352 2364 1530 2441 signa
1572 2385 1765 2425 meos.

261 2440 520 2513 Miraris,
564 2442 620 2500 si
661 2444 901 2519 quando
944 2446 1091 2503 mihi
1134 2448 1383 2506 domina
1431 2449 1688 2524 imperat
1730 2453 1998 2510 absens?

344 2525 610 2603 Imperat
650 2528 798 2586 haec
843 2530 1023 2587 etiam
1068 2538 1236 2600 muta
1274 2533 1503 2591 tabella
1547 2536 1712 2594 mihi.

716 2699 774 2757 5.
857 2701 962 2758 Ex
1001 2702 1211 2758 Italico
1254 2701 1624 2761 Petrarckae.

260 2778 392 2835 Lux
433 2780 644 2839 aderat
686 2802 807 2858 qua
851 2782 960 2845 Sol
1007 2785 1312 2863 ferrugine
1355 2787 1636 2848 conditu-s
1680 2787 1832 2849 atra'

337 2864 630 2925 Testatus
671 2868 925 2927 Domini
967 2879 1060 2929 est
1099 2871 1318 2929 funera
1359 2875 1581 2932 acerba
1620 2875 1737 2947 sui,

261 2948 391 3023 Qua
433 2952 620 3026 perii:
666 2973 864 3030 neque
906 2956 1019 3013 sub
1065 2974 1275 3016 casses
1322 2957 1621 3034 dilapsus,
1666 2960 1867 3031 Aella‚

337 3032 543 3108 Sensi,
583 3036 912 3097 luminibus
959 3048 1194 3115 captuS,
1235 3042 1436 3115 Aella,
1488 3044 1628 3103 tuis.

256 3116 382 3176 Nec
427 3130 690 3179 mentem
743 3124 937 3181 adieci
984 3125 1171 3198 bello,
1217 3145 1467 3185 securus
1514 3129 1773 3187 abibam.

332 3204 450 3262 Illa
492 3206 791 3266 elementa
835 3209 956 3274 mei
996 3210 1196 3286 prima
1236 3212 1404 3270 fuere
1452 3213 1615 3272 mali.

259 3285 401 3346 Cum
446 3292 596 3349 mihi
637 3295 894 3369 pacifico
944 3296 1343 3357 saevissimus
1389 3297 1609 3371 hostis,
1654 3298 1871 3357 inermi

334 3376 635 3454 Armiger,
680 3379 910 3442 imbelli
952 3379 1207 3439 bellicus
1246 3383 1435 3442 instat
1476 3386 1699 3455 Amor3

256 3454 484 3536 Perque
526 3463 729 3523 oculos
776 3465 943 3523 cordi
985 3465 1253 3524 insinuat
1297 3478 1613 3544 grassator
1662 3477 1939 3545 apertos;

338 3544 454 3621 Qui
500 3548 675 3606 modo
721 3558 862 3609 sunt
903 3550 1169 3611 lacrimis
1213 3552 1398 3611 ianua
1443 3555 1586 3613 trita
1627 3555 1799 3614 meis.
