2452 4186
1215 312 1292 372 18

337 484 443 541 Ait
487 482 679 540 fuisse
718 481 990 558 litigator
1032 481 1333 557 optimus3

338 567 558 643 Neque
598 566 784 624 ullius
826 567 1091 624 tribunal
1139 568 1389 624 arduum
1437 564 1556 623 fori

338 651 646 728 Nequisse
683 670 1036 725 personare,
1084 652 1216 709 sive
1262 651 1497 726 legibus

342 737 518 814 Opus
565 737 718 794 foret
756 735 1000 808 latrare,
1049 736 1179 794 sive
1222 735 1453 812 iurgiis.

341 822 421 880 Et
462 823 572 879 hoc
611 828 793 898 negat
836 840 1052 879 severa
1092 819 1529 896 Nittiobrigum

339 906 583 984 Negare
624 913 821 983 septa,
868 907 1331 980 vasconumque
1377 905 1596 977 curiaS,

339 993 644 1069 Aginnum
691 991 893 1064 inane,
940 989 1425 1064 Condomumque
1469 988 1859 1063 inhospitum,

341 1076 725 1148 Lemovices,
770 1083 1088 1150 trucesque
1131 1074 1536 1153 Petragorios.

341 1162 463 1221 Ubi
505 1161 623 1219 iste
669 1169 805 1236 post
847 1160 1138 1237 magirus,
1187 1168 1368 1216 antea
1412 1159 1523 1215 fuit

341 1247 623 1305 Laverna
665 1244 836 1317 iuris,
882 1254 942 1303 et
977 1253 1271 1321 patronus
1315 1245 1378 1301 in
1419 1244 1555 1302 foro

341 1333 651 1406 Loquente
692 1349 877 1408 saepe
919 1349 1069 1388 voce
1106 1330 1364 1405 prodidit
1398 1348 1559 1387 reos‚

345 1415 617 1475 Cadurce
662 1416 896 1488 rabula,
922 1426 1000 1493 'et
1046 1415 1272 1473 Tolosa
1309 1422 1652 1484 contumax,

344 1501 486 1559 Tibi
525 1502 674 1557 haec
710 1501 905 1558 fuisse
947 1508 1006 1557 et
1045 1519 1184 1558 esse
1228 1499 1649 1577 cognitissima

343 1585 446 1644 Ait
488 1585 789 1661 magirus:
831 1584 1044 1641 ultima
1090 1605 1164 1641 ex
1204 1584 1432 1661 origine

345 1670 495 1728 Tuis
532 1688 817 1745 crepasse
856 1669 990 1726 iura
1038 1668 1182 1726 dicit
1220 1669 1284 1726 in
1334 1669 1588 1740 scholiS,

346 1754 481 1812 Tua
517 1755 828 1812 intonasse
869 1753 1105 1830 legibus
1154 1753 1402 1812 sedilia:

344 1841 423 1898 Et
465 1839 607 1896 inde
655 1839 836 1896 surda
883 1859 995 1915 per
1031 1846 1123 1896 tot
1167 1839 1402 1896 urbium
1448 1839 1584 1897 fora

347 1923 581 2000 Stipem
624 1923 958 1997 extudisse,
1005 1924 1183 1980 laeva
1226 1924 1356 1982 sive
1407 1925 1658 1982 dextera

346 2008 619 2086 Rogaret
658 2028 821 2080 aera,
871 2010 1000 2066 sive
1041 2016 1355 2082 utramque
1402 2009 1679 2084 pluscula

344 2093 615 2152 Pecunia
655 2104 937 2171 gravaret
972 2096 1281 2170 improbus
1326 2114 1590 2152 manum.

345 2179 562 2254 Neque
611 2179 739 2237 ulla
777 2188 921 2237 vota
964 2179 1291 2238 curialibus
1332 2180 1462 2238 deis

349 2263 480 2324 Sibi
526 2283 664 2322 esse
706 2265 888 2336 facta,
928 2283 1060 2321 cum
1107 2264 1332 2321 rediret
1374 2284 1410 2321 a
1452 2265 1580 2321 foro

349 2349 623 2408 Onustus
672 2368 811 2406 aere
857 2349 1127 2422 adusque
1167 2349 1476 2425 propriam
1528 2348 1783 2405 domum.

350 2433 473 2494 Sed
509 2435 661 2490 haec
698 2433 867 2509 prius
909 2435 1104 2490 fuere:
1147 2454 1307 2491 nunc
1346 2433 1573 2492 cibaria

347 2518 581 2595 Ligurit
624 2526 826 2590 uncta,
876 2538 1058 2593 seque
1100 2519 1339 2576 dedicat
1381 2519 1490 2577 tibi

352 2601 573 2661 Culina
607 2603 797 2675 dives,
847 2610 907 2660 et
946 2603 1145 2660 culina
1189 2604 1412 2662 divitis.

983 2773 1076 2829 11.
1168 2776 1244 2829 In
1288 2776 1539 2829 eundem.

348 2857 529 2915 Nunc
570 2857 725 2915 ollas
772 2865 1018 2929 tractas,
1067 2857 1336 2914 tractasti
1378 2857 1572 2934 iurgia
1611 2854 1947 2929 quondam:

349 2943 492 3000 Iura
527 2942 687 3000 idem
742 2942 951 3000 solitus
998 2941 1279 3014 vendere,
1326 2942 1458 2999 iura
1502 2941 1728 3017 coquis.

504 3111 597 3169 12.
686 3114 763 3168 In
807 3114 1040 3169 citatum
1083 3115 1367 3186 quendam
1410 3122 1524 3169 hon
1566 3115 2014 3186 respondentem.

349 3195 718 3271 Proscripsit
758 3204 861 3253 tua
907 3205 1104 3270 teque,
1143 3197 1300 3272 quod
1343 3196 1557 3253 citatus

351 3278 489 3337 Non
528 3281 939 3356 responderis,
984 3281 1244 3357 optimus
1289 3280 1567 3341 Senatus,

352 3363 490 3422 Non
529 3367 689 3424 assis
729 3366 912 3435 facis3
960 3374 1017 3422 et
1057 3385 1300 3443 gravem
1339 3363 1635 3422 tremendi

353 3450 580 3526 Legem
624 3451 929 3522 carminis,
976 3469 1046 3508 ac
1083 3470 1299 3509 severa
1337 3450 1507 3508 iussa

355 3534 617 3592 Tantum
655 3536 848 3610 verba¹
877 3543 1084 3612 putas:
1130 3544 1310 3594 notas
1353 3535 1621 3606 honoris,
