2452 4186
1247 294 1371 356 246

388 459 486 525 Τα
533 460 840 528 ύπλουτος
877 458 1031 543 ἀνὴρ
1076 459 1148 523 οὐ
1194 458 1424 542 γένοιτ’
1472 458 1544 523 ἂν
1595 458 1813 528 δεξιός.

373 542 499 611 ’ολ
544 568 611 614 ος
654 544 799 608 κᾶθ’
844 544 1035 607 αὑτοῦ
1075 544 1271 629 χρῆμ’
1315 543 1661 608 ἀσύστατον
1712 543 1915 627 φύσει.

392 628 643 717 Βαρεῖα
686 634 860 713 μῆνις
900 628 1112 692 οὐδέν’
1158 627 1348 692 εἴωθε
1395 632 1663 692 σκοπεῖν.

393 712 527 781 Οὐκ
568 712 693 778 ἔστ’
743 713 1027 776 ἀνελθεῖν
1067 713 1310 791 ἐνθάδ’,
1351 713 1496 777 ὅθεν
1545 711 1713 797 ἔβης,
1761 712 1940 797 βαρύ.

389 798 466 864 T'
507 797 615 868 οὖς
661 801 967 882 δημοτῶν,
1013 799 1081 861 τό
1121 798 1174 860 τ’
1220 798 1414 882 ὄμμα,
1465 799 1767 880 μάρτυρες
1808 797 2013 861 κακοί.

275 893 283 904 “
392 885 630 953 Φίλους
668 885 936 948 ἐπαινεῖν
985 882 1248 967 φανερὰ,
1296 882 1611 946 νουθετεῖν
1655 881 1881 966 λάθρα.

386 965 497 1038 Εἰς
538 967 681 1037 τοὺς
725 967 1072 1051 φοβοῦντας
1119 969 1150 1031 ὁ
1202 966 1400 1074 φόβος
1439 967 1895 1038 ἀναποδίζεται.

378 1050 594 1121 Ἐλπὶς
642 1050 936 1138 βραβείου
975 1050 1120 1119 τοὺς
1154 1074 1384 1120 πονους
1423 1055 1788 1135 παρηγορεῖ.

387 1134 474 1199 Τὸ
520 1137 668 1201 πᾶσ’
717 1135 989 1220 ἄφυκτον
1034 1136 1325 1215 δεδιέναι,
1369 1138 1525 1221 πρὸς
1572 1134 1864 1219 ἄφρονος.

374 1219 491 1290 Ὣς
537 1220 791 1297 ἄτοπον,
837 1219 1047 1304 ἄρχειν
1093 1226 1213 1284 τῶν
1258 1220 1474 1295 πέλας,
1518 1221 1709 1283 αὑτοῦ
1760 1221 1830 1283 δὲ
1874 1221 1998 1304 μήῑ

386 1304 588 1390 Σκευὴ
635 1305 701 1370 δ’
743 1303 1012 1368 ὕποπτόν
1060 1305 1186 1367 ἐστι
1229 1310 1356 1373 τοῖς
1400 1303 1797 1388 ὠνουμένοις.

387 1386 611 1475 ΚίμβιΕ
656 1394 915 1454 τοσοῦτο
964 1389 1114 1453 δεῖτ’
1162 1388 1350 1475 ἔχων,
1398 1389 1544 1452 ὅσον
1591 1387 1704 1452 οὐκ
1747 1387 1933 1474 ἔχων.

372 1472 611 1583 ῼΚίμβιξ
655 1475 688 1539 ἓ
729 1476 916 1550 λιτὸν,
961 1475 1163 1542 δειλὸς
1205 1474 1443 1559 εὐλαβῆ
1487 1476 1686 1537 καλεῖ.

265 1635 270 1640 .
402 1557 758 1645 Υπαισχρος
802 1558 992 1622 ἔνδει’
1037 1561 1170 1642 ἥτις
1215 1559 1284 1621 ἐκ
1329 1557 1510 1642 δόξης
1553 1557 1694 1642 ἔφυ.

386 1640 638 1729 Βουλὴν
679 1647 934 1729 ταχεῖαν
982 1645 1329 1727 μετάμελος
1370 1642 1754 1728 μετέρχεται.

391 1727 614 1813 Φέρων
656 1727 926 1792 παλαιὰν
979 1729 1171 1815 ὕβριν,
1218 1728 1500 1795 ἐκκαλεῖς
1544 1728 1710 1790 νέαν.

387 1812 626 1876 Ψεκτὸν
668 1815 864 1877 πάλαι
913 1813 1046 1897 μὲν,
1088 1817 1191 1875 νῦν
1237 1813 1307 1876 δὲ
1350 1813 1582 1877 fito-tte?
1623 1810 1751 1876 ἔστ’
1798 1807 1966 1877 ἔθος.

1067 1976 1544 2044 ΤΡΟΧΑΙΚΟΙ.

371 2057 567 2129 ’Ὅσον
601 2064 705 2128 ἐνὶ
740 2064 949 2151 κύβοις
970 2066 1214 2151 τρίβων,
1239 2064 1418 2129 τόσον
1451 2062 1596 2129 ἔσθ’
1627 2066 1659 2130 ὁ
1686 2063 1989 2151 κυβευτὴς
2012 2061 2215 2133 κακός.

388 2148 658 2211 Δύναται
710 2148 847 2212 οὔτ’
891 2151 1172 2234 ἀνδρεῖος
1211 2151 1403 2235 ὕβριν,
1450 2149 1595 2213 οὔτε
1645 2150 1944 2232 γεννάδας
1989 2148 2216 2234 φέρειν.

388 2232 622 2318 Αἶχρος
661 2236 748 2303 ὡς
789 2233 1103 2345 εὔσχημόν
1150 2235 1298 2312 ἐστι,
1340 2239 1458 2297 τῶν
1503 2238 1712 2298 καλῶν
1760 2234 2152 2318 ὑπερθανεῖν.

372 2311 584 2387 ’Ὅστις
624 2317 751 2381 ἐστι
796 2342 991 2404 φυγας
1033 2318 1265 2394 ἄοικος,
1305 2317 1485 2388 οὗτός
1530 2318 1658 2382 ἐστ’
1703 2318 1941 2404 ἄταφος
1980 2318 2174 2386 νέκυς.

390 2396 481 2464 Οὐ
522 2409 825 2485 γυναικῶν
872 2405 1277 2488 ἐπιμελεῖται,
1318 2405 1476 2487 πλὴν
1526 2404 1815 2472 δύσελπις
1839 2407 1947 2486 τῆς
1969 2405 2213 2488 σχολῆς.

384 2481 729 2573 Ἐπιτυχὼν
770 2490 997 2595 γήρως,
1039 2485 1234 2573 μάτην
1278 2489 1498 2557 ποθεῖς
1547 2490 1916 2572 ἀνηβάσκειν
1961 2489 2164 2550 πάλιν.

387 2566 495 2656 Τῷ
533 2574 741 2656 κράτει
780 2596 1059 2642 συνοικος
1100 2574 1255 2658 ὀργὴ
1302 2573 1569 2655 σκηπτός
1612 2574 1771 2636 ἐστιν
1821 2572 2109 2655 ὀξύπληξ.

385 2653 472 2718 Σὺ
512 2656 691 2741 χάριν
718 2656 1075 2743 εὐτυχοῦντι
1094 2660 1356 2743 χρήσας,
1384 2659 1702 2743 δυστυχῶν
1729 2657 2214 2741 ἀπολαμβάνοις.

376 2737 605 2822 Ἀλγος
649 2741 712 2804 ἐν
753 2743 1044 2826 βασάνοις
1090 2742 1343 2828 ἄφωνόν
1390 2743 1547 2805 ἐστιν
1598 2743 2007 2806 ἀθλιώτατον.

378 2821 516 2886 ‘Tu’
572 2825 1001 2890 ἀνυπευθύνου
1053 2826 1204 2912 μάλ’
1252 2826 1475 2910 ἀνδρός
1521 2827 1680 2889 ἐστιν
1723 2827 2012 2974 ὑβρίσθαι
2040 2824 2212 2911 βαρύ.

373 2904 547 2972 Ἔστι
585 2909 661 2993 δὴ
708 2913 962 2994 μνήμων
1010 2913 1236 2975 ἑαυτοῦ
1283 2914 1316 2976 ὁ
1365 2913 1560 2975 ἐλεῶν
1605 2914 1707 2975 τὸν
1800 2915 2057 2996 υστυχῆ.

385 2993 688 3079 Δεύτερος
732 2997 1000 3079 ναυηγὸς
1046 2996 1158 3059 οὐκ
1201 2995 1271 3058 εὖ
1323 2993 1405 3080 τῇ
1450 2996 1726 3081 θαλάττῃ
1778 2995 2110 3080 μέμφεται.

376 3074 481 3142 Ἐν
531 3084 745 3148 κακοῖς
784 3080 1036 3164 θαρρεῖν
1083 3078 1154 3144 ἄν
1205 3079 1301 3164 εἴη
1347 3082 1506 3164 πλὴν
1551 3081 1792 3157 ἀθώου,
1843 3079 2125 3164 μηδενός.

377 3159 605 3248 Ὀλβος
642 3163 720 3228 αὖ
769 3165 988 3249 φίλους
1036 3163 1223 3242 ἔτεΕε,
1267 3164 1560 3250 συμφορὰ
1607 3167 1670 3229 δ’
1712 3165 2053 3250 ἐλέγχεται.

386 3245 596 3331 Θυμὸν
640 3246 890 3331 ἔγκοτον
940 3251 1259 3333 δαμάζων,
1306 3250 1606 3333 πολέμιον
1652 3257 1790 3335 νικᾷ
1833 3249 2047 3333 μέγαν.

380 3328 631 3417 Εὐτυχῆ
679 3337 884 3396 καλῶν
934 3358 1023 3411 σε,
1067 3335 1222 3398 κατὰ
1267 3340 1379 3397 σοῦ
1425 3337 1530 3416 τὴν
1575 3333 1765 3421 τύχην
1808 3334 2177 3441 ἐρεσχελεῖς.

384 3413 506 3479 Τὸν
557 3417 734 3501 φίλον
783 3419 1022 3502 κτήσαι’
1074 3419 1146 3482 ἂν
1188 3419 1416 3503 ἐχθρὸν
1461 3423 1546 3488 ὡς
1585 3422 2002 3503 γενησόμενον
2043 3437 2209 3480 ποτε.

382 3497 540 3565 Πᾶσ’
591 3498 961 3586 ἐπίστροφον
1007 3505 1274 3588 μεγίστῳ
1313 3501 1575 3588 κινδύνῳ
1620 3504 2028 3589 φυλάσσεται.
