2452 4186
1284 301 1364 359 66

415 469 549 528 Nec
589 469 898 546 pressisse
944 468 1053 526 tibi
1100 479 1196 528 sat
1246 471 1327 529 sit
1369 469 1626 546 vestigia
1668 487 1938 527 avorum.

499 555 621 612 Fac
667 572 907 629 quoque
958 555 1043 612 sis
1088 563 1292 613 tantae
1339 575 1485 632 pars
1525 553 1823 611 imitanda
1868 553 2104 612 domus.

416 638 548 697 Nec
586 647 818 696 tantum
865 638 973 696 tibi
1020 640 1297 697 militiam
1342 639 1706 698 transcribat
1747 638 1984 698 honesti

501 724 769 783 Muneris
813 724 1062 781 emerito
1104 724 1344 784 functus
1389 728 1617 783 honore
1660 724 1875 781 Pater:

415 812 641 875 Verum
682 809 864 866 etiam
910 809 1172 885 propriis
1213 811 1383 868 illam
1432 809 1751 868 virtutibus
1794 826 1960 864 orna.

502 894 652 953 Cum
690 893 920 970 patrias
964 893 1056 950 illi
1097 895 1391 967 iunxeris‚
1438 895 1591 952 adde
1635 901 1793 950 tuas.

419 979 542 1040 Sed
585 981 808 1036 frustra
843 997 1061 1053 precor
1106 981 1275 1038 haec.
1331 989 1545 1038 tenues
1589 977 1903 1054 rapiuntur
1946 976 2009 1032 in
2056 992 2241 1032 auras

479 1065 784 1122 Fatorum
823 1081 1003 1120 caeco
1051 1065 1290 1122 turbine
1335 1073 1482 1124 vota
1523 1083 1676 1121 mea.

421 1148 604 1222 Quod
648 1149 840 1206 solum
884 1149 1072 1223 potui,
1120 1151 1372 1209 summis
1414 1159 1474 1208 te
1512 1149 1683 1217 iuris,
1730 1153 1790 1202 et
1831 1143 2008 1219 aequi

503 1234 750 1292 Artibus
794 1234 975 1290 eduxi
1017 1234 1214 1293 laudis
1267 1235 1343 1292 ad
1386 1253 1561 1292 omne
1605 1249 1817 1310 genus.

419 1320 591 1378 Haec
633 1319 941 1393 patefacta-
980 1318 1079 1376 via
1126 1327 1240 1391 est,
1287 1320 1556 1378 sinerent
1599 1338 1634 1374 o
1675 1321 1915 1373 caetera
1955 1312 2123 1369 Divi.

506 1403 816 1462 Hactenus
860 1405 1147 1479 auspiciis
1184 1406 1295 1461 hoc
1337 1413 1511 1480 potes
1558 1420 1696 1460 esse
1739 1401 1911 1458 meis.

421 1489 706 1556 Dixerat
754 1496 813 1544 et
854 1487 1141 1546 lacrimae
1180 1490 1368 1547 verba
1409 1487 1764 1577 imperfecta
1803 1493 2047 1544 secutae

510 1572 788 1649 Singultu
828 1573 1062 1631 medios
1111 1575 1384 1650 eripuere
1431 1591 1642 1631 sonos.

419 1657 650 1716 Fatalis
685 1656 942 1728 iuvenis,
980 1658 1317 1716 iustissima
1359 1677 1501 1733 cura
1540 1661 1879 1733 parentum,

505 1740 675 1814 Quae
723 1748 818 1799 sat
864 1741 975 1798 erit
1015 1742 1183 1799 morti
1230 1752 1461 1800 moesta
1505 1739 1751 1816 querela
1791 1740 1976 1797 tuae?

420 1825 708 1902 Aspicis?
754 1833 945 1882 atrato
991 1827 1190 1884 sordet
1229 1846 1388 1885 nunc
1426 1828 1592 1885 curia
1632 1825 1822 1882 cultu:

506 1911 930 1986 Iustitiumque
973 1911 1148 1968 hodie
1196 1912 1472 1987 publicus
1511 1911 1683 1969 -urbis
1730 1928 1903 1966 amor

423 1997 671 2053 Indixit.
756 2002 887 2053 tota
932 2002 1025 2052 est
1071 1998 1214 2055 urbs
1259 1997 1471 2055 funere
1514 1999 1694 2054 funus
1743 1995 1806 2052 in
1846 2012 1996 2063 uno,

508 2082 586 2139 Et
627 2086 800 2157 putat
847 2080 1044 2137 efferri
1081 2101 1147 2140 se
1195 2102 1434 2159 quoque
1472 2089 1666 2141 morte
1711 2089 1831 2138 tua.

423 2165 562 2224 Heu
605 2173 892 2240 quantum
933 2174 1027 2223 est
1072 2186 1223 2225 aevo
1265 2168 1489 2225 crimen
1532 2168 1765 2225 factura
1802 2166 2005 2222 futuro

507 2249 646 2309 Una
689 2251 890 2326 nigras
935 2252 1216 2310 tenebras
1243 2253 1422 2310 ·inter
1469 2251 1749 2309 habenda
1794 2251 1946 2320 die8‚

425 2336 594 2408 Quae
644 2343 838 2392 mutas
885 2334 1076 2412 leges,
1125 2338 1438 2413 sanctique
1481 2336 1723 2395 silentia
1765 2335 1913 2393 iuris

511 2419 819 2492 Cerneret‚
862 2428 1041 2498 atque
1086 2423 1218 2479 orbi
1266 2423 1485 2499 frigida
1526 2440 1714 2497 regna
1758 2419 1921 2477 fori?

424 2504 586 2576 Quot
627 2506 800 2563 dotes
847 2506 1034 2562 animi
1072 2525 1249 2581 quam
1299 2527 1487 2582 parvo
1535 2507 1750 2566 clausit
1790 2506 1852 2561 in
1897 2502 2083 2560 orbe?

506 2590 678 2648 Unus
724 2598 789 2646 ut
828 2590 1147 2663 occideret,
1190 2600 1337 2667 quot
1379 2592 1613 2668 periere
1652 2589 1857 2650 bona?

423 2674 527 2746 Di,
567 2676 779 2748 quibus
831 2683 924 2733 est
970 2674 1167 2732 clarae
1218 2684 1500 2751 suspecta
1539 2676 1811 2752 potentia
1850 2671 2071 2750 gentis,

509 2759 660 2834 Quis
706 2767 969 2816 vestrum
1008 2758 1212 2817 tantae
1261 2780 1370 2835 par
1414 2762 1527 2818 erit
1568 2758 1875 2819 invidiae?

423 2843 454 2900 I
496 2845 676 2915 nunc,
722 2842 972 2919 deplora
1015 2852 1334 2920 congestos
1392 2847 1613 2923 stragis
1660 2862 1933 2914 acervos,

507 2927 892 3001 Plurimaque
930 2928 1136 2986 hostili
1179 2930 1371 2988 millia
1413 2950 1593 2989 caesa
1633 2950 1830 2988 manu.

427 3013 651 3072 Omnia
696 3032 818 3070 non
860 3007 1087 3069 certent
1128 3014 1264 3072 huic
1303 3016 1407 3073 uni
1457 3017 1671 3073 funera
1717 3016 1958 3072 damno.

506 3098 776 3155 Iacturas
827 3116 1037 3155 omnes
1087 3100 1288 3156 obruit
1325 3120 1447 3158 una
1480 3102 1629 3158 dies.

425 3181 565 3239 Heu
607 3183 839 3241 iuvenis
881 3183 1249 3242 miserande.
1294 3194 1396 3243 tuo
1438 3203 1594 3242 nunc
1637 3185 1886 3246 subruta
1931 3200 2080 3242 casu

507 3267 620 3326 Est
663 3268 899 3344 domus,
947 3276 1006 3324 et
1047 3270 1278 3344 gentis
1294 3289 1436 3346 spes
1480 3270 1781 3327 labefacta
1824 3275 1998 3325 tuaex

425 3349 618 3423 Quam
656 3353 793 3429 pius
831 3353 965 3428 ipse
1003 3352 1239 3412 Parens
1285 3375 1360 3412 ex
1396 3362 1456 3411 te
1502 3345 1905 3451 suspenderat
1950 3371 2229 3430 omnem,

506 3437 769 3495 Foverat
806 3445 865 3494 et
903 3439 1081 3494 tacito
1125 3439 1369 3496 credula
1403 3447 1547 3498 vota
1591 3438 1747 3511 sinu,

425 3521 509 3581 Ut
548 3540 762 3599 posses
805 3522 1006 3580 oneris
1053 3542 1309 3601 magnae
1352 3525 1672 3582 succedere
1706 3523 1898 3600 parti,
