2452 4186
1250 321 1371 381 362

422 484 762 543 Taedarum
809 486 1100 545 habentes
1146 507 1285 547 acre
1324 490 1858 567 propugnaculum,

419 570 629 630 Pullos
674 571 927 629 amictus
969 579 1150 648 atque
1191 575 1392 632 fucum
1439 575 1716 652 corporis

418 656 560 714 Lito
594 663 872 733 gerentes
914 658 1173 715 vestium
1219 659 1495 717 tectorio.

421 740 668 798 Illustre
705 760 925 798 numen
969 741 1064 799 his
1105 763 1219 820 ego
1253 745 1501 821 longum
1541 745 1653 801 dea

269 821 404 873 1140
424 824 624 884 Canar
666 825 922 884 bacillos
968 826 1212 886 feminis
1253 830 1650 906 gestantibus.

417 911 792 984 Luctumque
836 911 1040 969 multis
1085 912 1384 989 virginum
1428 915 1782 990 parentibus

423 995 607 1055 Orbis
649 995 985 1069 relinquam
1026 1005 1207 1070 retr0,
1248 1017 1401 1072 quae
1444 1000 1652 1056 ducem
1698 1001 1945 1077 impium

418 1080 592 1138 Deae
629 1080 930 1138 latronem
970 1082 1290 1140 militarem
1340 1082 1620 1159 Cypridis

416 1166 540 1224 Diu
585 1173 918 1241 gementes,
963 1166 1092 1224 iure
1138 1168 1449 1227 fraudatas
1492 1169 1609 1227 tori

271 1250 402 1302 1145
422 1251 664 1309 Mittent
705 1251 946 1327 puellas
995 1261 1159 1311 sorte
1199 1253 1409 1328 iniqua
1447 1254 1730 1331 virgines.

417 1337 745 1412 Larymna,
787 1345 911 1393 tum
961 1334 1273 1412 Sperchie,
1310 1347 1438 1395 tum
1479 1338 1761 1416 Boagrie,

422 1421 517 1479 Tu
553 1418 745 1496 Cyne,
790 1429 853 1478 tu
899 1419 1230 1499 Scarphea,
1275 1423 1370 1481 vel
1415 1424 1757 1496 Phalorias,

419 1507 702 1580 Urbsque
747 1505 870 1562 alta
912 1505 1214 1583 Narycea,
1256 1508 1353 1564 vel
1400 1508 1786 1567 Thronitides

420 1591 554 1648 Vici
591 1591 961 1662 LocrenseS,
1008 1602 1066 1650 et
1105 1593 1440 1669 Pyrantbia
1474 1594 1683 1665 ardua,

271 1674 406 1726 1150
423 1675 558 1734 Nec
603 1695 728 1733 non
773 1675 1178 1736 Hodoedocea
1225 1686 1386 1735 tecta
1433 1666 1674 1753 Oilei[,‘]

419 1762 549 1819 Vos
595 1762 671 1818 ob
713 1780 991 1819 mearum·
1027 1763 1365 1838 nuptiarum
1414 1764 1665 1821 crimina

420 1847 665 1905 Poenas
712 1846 1021 1904 Minervae
1062 1848 1294 1906 scilicet
1335 1868 1589 1925 magnae
1636 1848 1784 1905 deae

423 1930 704 2001 Solvetis,
751 1950 946 1990 annos
994 1933 1159 1989 mille
1204 1932 1466 2009 virgines
1512 1952 1665 1991 anus

421 2016 628 2074 Urnae
680 2015 934 2073 nefastis
980 2018 1314 2074 nutrientes
1365 2018 1659 2076 sortibus:

270 2098 402 2152 1155
424 2101 615 2175 Queis
662 2101 1031 2176 insepultum
1081 2122 1326 2179 semper
1361 2103 1423 2160 in
1474 2118 1634 2161 terra
1683 2104 1926 2179 hospite

417 2185 664 2262 Hospes
722 2185 1062 2261 sepulcrum
1112 2187 1479 2245 distrahetur
1523 2189 1823 2259 fluctibus,

421 2269 573 2331 Cum
616 2272 887 2327 membra
932 2272 1172 2345 cremiis
1202 2272 1491 2331 ustulans
1533 2274 1883 2345 infamibuS,

420 2355 701 2415 Cinerem
747 2357 1029 2432 procellis
1072 2357 1390 2415 ventilabit
1434 2359 1730 2416 Mulciber

420 2440 748 2500 Columbae
793 2443 867 2498 ab
909 2443 1050 2500 altis
1096 2445 1450 2501 interemtae
1495 2444 1822 2502 montibus.

267 2525 403 2581 1160
422 2527 715 2600 Aliaeque
756 2535 937 2584 noctu
979 2530 1234 2587 mortuis
1280 2528 1623 2586 simillimae

268 2620 271 2623 ’
420 2609 679 2687 Campos
725 2612 978 2669 adibunt
1020 2613 1271 2690 virginis
1322 2611 1659 2684 Sithoniae,

420 2694 649 2754 Caecas
699 2696 911 2754 ocellis
958 2705 1331 2775 aucupantes
1378 2698 1648 2768 semitas,

418 2784 696 2857 Augusta
733 2780 928 2839 Divae
975 2781 1112 2839 dum
1159 2791 1478 2857 penetrent
1519 2784 1691 2853 atria,

415 2866 594 2924 Votis
639 2867 868 2923 cientes
916 2868 1220 2943 supplices
1266 2866 1604 2926 Duelliam:

269 2952 402 3007 1165
423 2952 802 3028 Magnaeque
841 2960 1085 3009 verrent
1131 2971 1336 3009 aream
1384 2953 1586 3028 scopis
1627 2952 1776 3008 deae

415 3037 494 3094 Et
542 3056 676 3093 rore
717 3045 1027 3112 spargent,
1066 3036 1186 3094 iam
1236 3045 1520 3094 caventes
1566 3036 1736 3094 civici

416 3121 666 3180 Furoris
709 3129 963 3179 aestum.
1011 3141 1150 3179 nam
1198 3122 1291 3180 vir
1338 3122 1536 3181 omnis
1583 3121 1734 3179 Ilius

418 3203 696 3265 Servabit
727 3206 891 3279 illas,
942 3226 1195 3265 saxeum
1232 3208 1413 3266 rodus
1457 3217 1695 3276 tenenS,

416 3296 540 3347 Aut
586 3310 838 3351 aeneam
887 3293 1270 3367 secespitam,
1305 3301 1408 3348 aut
1446 3290 1754 3367 bupetiam

266 3380 401 3433 1170
419 3375 684 3433 Acierim
724 3387 980 3449 acutam,
1019 3377 1114 3435 vel
1157 3377 1594 3434 Phalacraeam
1633 3375 1863 3444 rudem,

417 3463 665 3520 Manum
692 3463 959 3530 ,studens
1009 3463 1229 3520 satiare
1267 3462 1532 3518 ieiunam
1579 3460 1765 3518 necis.

416 3546 670 3622 Impune
713 3556 853 3603 tune
893 3546 1068 3621 plebs
1111 3547 1291 3604 laude
1332 3546 1584 3604 noxium
1631 3545 1842 3602 efferet
