2452 4186
1225 300 1344 361 1⁵8

370 468 600 533 Θᾶττον
639 466 677 550 ἢ
725 463 880 549 παρ’
936 463 1320 550 Ἡρακλείτῳ
1368 465 1636 548 περίνεω
1677 463 1860 532 τόκος
1901 462 2125 548 τρέχει.

369 550 493 617 Καὶ
535 549 683 635 κρόκ
769 548 929 615 λέων
969 551 1171 619 δεθεὶς
1222 550 1351 613 ἄνω
1396 551 1563 612 κάτω
1611 549 2025 632 περισὺρεται.

369 634 612 721 Κόρδος
657 574 952 720 άῖσχόνης
991 633 1264 719 ἄμεινον.
1309 635 1451 698 Ξλκε
1493 635 1712 719 μοιχὸν
1757 632 1822 701 ἐς
1873 631 2091 718 μυχόν.

370 718 550 806 Μήγε
594 722 802 804 μεῖζον
849 719 1214 803 προσκέοιτο
1260 720 1650 802 τούπίσαγμα
1692 718 1973 802 θυλάκῳ.

372 802 478 911 Μη
529 803 585 867 δ’
634 802 845 887 ἁμόλη
890 805 1010 872 τὼς
1048 806 1258 872 καλὼς
1294 804 1556 882 ἄκανθα,
1598 803 1748 884 μηδ’
1780 800 1859 864 αὖ
1901 802 2191 886 πλαδδίη.

372 889 435 957 Μ
524 885 587 951 σ’
633 887 856 951 ἐλαιῶν
905 887 1076 957 ἐκτὸς
1115 890 1396 972 ἁρπάσας
1430 891 1461 952 ὁ
1508 888 1706 970 θυμὸς
1745 886 2006 970 ἐκφέρῃ.

371 915 477 1075 M}
523 970 655 1035 ποτ’
701 969 770 1035 εὖ
812 971 1010 1057 ἕρδειν
1052 971 1332 1056 γέροντα,
1381 973 1539 1056 μηδὲ
1583 973 1854 1053 γείτονος
1898 971 2074 1034 κόνα.

372 1058 546 1161 Μητε
584 1056 801 1136 παῖδα,
848 1057 930 1140 μὴ
977 1061 1257 1137 γυναῖκα,
1303 1058 1383 1141 μὴ
1436 1059 1623 1120 λάλον
1658 1057 2056 1138 κωπηλάτην.

373 1141 548 1226 Μητε
588 1140 805 1204 Λυδῶν
857 1140 1127 1224 καρόκας
1163 1163 1256 1223 γε,
1305 1143 1457 1224 μήτε
1498 1141 1802 1225 μαστίγων
1855 1139 2120 1225 ψόφους.

374 1225 695 1310 Μουσικὴν
742 1222 902 1309 ἔρως
940 1225 1234 1302 διδάσκει,
1282 1224 1390 1309 κᾷν
1440 1226 1714 1309 ἄμουσος
1755 1221 1798 1308 ἦ
1837 1226 1908 1287 τὸ
1950 1225 2109 1310 πρίν.

372 1310 558 1397 Νᾶφε
603 1310 705 1373 καὶ
797 1308 1020 1394 έμνασ’
1047 1311 1343 1388 ἀπιστεῖν,
1375 1315 1567 1374 ταῦτα
1595 1315 1783 1394 νεῦρα
1808 1313 1915 1371 τᾶν
1947 1312 2192 1393 φρενᾶν.

373 1394 562 1461 Νυκτὶ
598 1416 832 1479 φωναν,
876 1396 1038 1458 νυκτὶ
1086 1395 1338 1480 βουλὰν,
1385 1396 1549 1458 νυκτὶ
1592 1394 1696 1457 τὰν
1743 1394 1911 1456 νίκαν
1961 1394 2154 1456 δίδου.

366 1477 443 1546 ‘O
488 1479 720 1565 φθόνος
763 1477 995 1549 δίκαιός
1033 1478 1179 1555 ἐστι,
1215 1481 1317 1543 τὸν
1362 1480 1711 1563 φθονοῦντα
1749 1478 1864 1561 γὰρ
1907 1479 2135 1541 δάκνει.

375 1564 535 1629 Οἶδα
573 1564 869 1632 πολλάκις
917 1565 1190 1632 κολάσας
1225 1564 1529 1649 χᾴτέρους
1574 1568 1685 1627 σοῦ
1732 1563 2038 1645 μείζονας.

375 1646 513 1715 Οἴσι
558 1649 767 1710 πιστὸν
812 1651 1043 1730 μᾶλλον
1091 1648 1296 1728 οὐδὲν,
1336 1650 1374 1731 ἢ
1422 1648 1589 1733 λύκῳ
1635 1646 1945 1732 κεχηνότι.

356 1729 571 1800 ’Ὅστις
609 1729 786 1814 ἔργον
835 1731 1014 1794 οὐδὲν
1061 1732 1252 1816 εἶχεν,
1292 1731 1596 1817 Ἀρμένην
1645 1732 1962 1816 ἐτείχισεν.

375 1815 467 1883 Οὔ
514 1815 585 1900 μ’
608 1815 796 1901 ἐχρῆν
826 1817 1008 1900 σορὸν
1036 1817 1358 1900 πρίασθαι,
1391 1817 1554 1881 τοῦτ’
1583 1816 1796 1901 ὄφλων
1824 1816 2199 1901 ἀπέρχομαι.

376 1899 538 1968 Οὔτε
583 1899 686 1965 σὺν
729 1901 1243 1985 πανωλέθροισιν,
1289 1901 1425 1965 οὔτ’
1476 1901 1621 1965 ἄνευ
1667 1899 2121 1984 πανωλέθρων.

376 1984 467 2052 Οὐ
502 1984 957 2071 -φιλάνθρωπός
993 2008 1080 2054 τις
1123 1986 1196 2049 εἶ.
1246 1985 1411 2071 ἔχεις
1452 1988 1656 2066 νόσον,
1694 1986 1933 2070 χαίρεις
1973 1985 2200 2053 διδοὺς.

377 2069 536 2137 Οὐδ’
586 2068 732 2134 ἄνευ
779 2069 945 2133 ἁλῶν
995 2070 1311 2154 μεδίμνου,
1360 2071 1495 2135 οὐδ’
1534 2068 1678 2135 ἄνευ
1726 2069 1958 2155 χρόνου
2006 2070 2200 2156 φίλος.

377 2152 510 2221 Οὐκ
555 2154 677 2236 ἐγώ
728 2155 925 2237 μοόνα
975 2156 1284 2239 κοθουρὶς,
1333 2157 1452 2219 ἐντὶ
1494 2155 1557 2219 κ’
1605 2155 1791 2219 ἄλλαι
1842 2157 2184 2224 ἀλώπεκες.

357 2238 444 2305 “O
493 2240 614 2322 ἐγὼ
658 2237 1051 2320 σ’[ἐ]δίδαΕα
1094 2239 1329 2302 πέττειν
1379 2239 1612 2324 τέτταρ’
1660 2242 1747 2309 εἰς
1784 2241 1890 2323 τὴν
1938 2242 2200 2325 χοίνικα.

377 2322 523 2409 Οὐχ.
551 2322 658 2387 ὑπ’
707 2323 936 2402 ἄλλων,
980 2324 1141 2388 ἀλλὰ
1182 2330 1310 2394 τοῖς
1344 2331 1570 2389 σαυτοῦ
1608 2329 1856 2409 πτεροῖς
1899 2325 2200 2389 ἁλίσκεαι.

376 2408 562 2474 Πάντ’
609 2408 720 2471 ἀπ’
761 2409 1154 2493 ἀκροφυσίων
1199 2433 1266 2473 τε
1308 2410 1467 2494 κάπὸ
1511 2411 2035 2498 κινναβευμάτων.

376 2493 685 2561 Πολλάκις
703 2515 799 2556 τοι
822 2493 1015 2556 πόλλ’
1045 2494 1153 2557 ἀπ’
1191 2495 1435 2580 ἐχθρῶν
1466 2494 1875 2577 μανθάνουσιν
1911 2495 1971 2556 οἱ
1994 2494 2200 2581 σοφοὶ.

377 2577 544 2662 Πρὸς
559 2579 799 2661 στάθμῃ
815 2576 1034 2662 πέτρον
1051 2580 1352 2654 τίθεσθαι,
1369 2578 1889 2663 μήτιπρὸςπέτρῳ
1905 2579 2197 2664 στάθμην.

377 2661 688 2748 Πυρῥίχαν
737 2661 838 2745 ἄρ’
894 2664 933 2725 ἁ
977 2664 1258 2747 κάμηλος
1302 2662 1501 2746 ἔμαθε
1546 2663 1651 2726 τὰν
1696 2661 2014 2745 Κινησίου.

377 2743 476 2831 Τῇ
521 2746 773 2831 ἀγρυξίᾳ
820 2746 1098 2810 δέδενται
1139 2748 1358 2831 ἄνδρες
1402 2749 1460 2810 οἱ
1505 2750 1848 2831 νικώμενοι.

378 2828 477 2916 Τῇ
519 2831 714 2915 πέτρᾳ
742 2827 848 2899 δὸς
875 2833 942 2895 τὸ
980 2831 1198 2900 σκέλος
1225 2835 1353 2909 σὸν,
1385 2834 1489 2895 καὶ
1514 2838 1844 2896 πεσοῦνται
1878 2830 1942 2893 τ’
1980 2833 2199 2916 ὤρνεα.

378 2913 541 2985 Τοὺς
577 2915 868 2999 γέροντας
900 2922 1044 2985 παῖς
1080 2918 1403 2995 διδάσκεις,
1432 2918 1534 2980 καὶ
1564 2917 1681 3002 πρὸ
1728 2920 1834 2997 τῆς
1867 2918 2200 2998 γενειάδος.

379 2998 578 3064 Τοῦτο
632 3002 706 3083 δὴ
749 3003 816 3063 τὸ
869 3002 1042 3084 σιμὸν
1091 3001 1425 3086 ἐξάμπρευ’
1470 3001 1616 3065 ἄνευ
1657 3001 2021 3083 κανθηλίου.

379 3082 488 3170 Τῷ
528 3088 778 3170 παλαιῷ
822 3085 1173 3169 Λακρατίδη
1217 3087 1286 3149 τὸ
1327 3085 1543 3155 σκέλος
1586 3086 1931 3173 βαρύνεται.

379 3166 488 3252 Τῷ
512 3172 753 3254 πράσου
785 3167 1137 3255 φύλλῳ’στ’
1164 3171 1445 3254 ἐρώντων
1468 3169 1800 3254 δεδεμένον
1819 3169 2200 3254 βαλλάντιον.

381 3248 520 3316 Τῶν
559 3275 629 3335 γε
672 3255 1215 3340 διθυραμβοποιῶν
1265 3260 1406 3318 νοῦν
1452 3253 1617 3340 ἔχεις
1659 3255 1977 3317 ἐλάττονα.

383 3336 563 3420 Φρὺξ
594 3338 746 3420 ἀνὴρ
789 3340 1041 3422 πληγεὶς
1078 3339 1371 3422 ἀμείνων,
1410 3342 1511 3403 καὶ
1554 3338 2037 3423 διακονέστερος.

380 3419 893 3504 Χοιροπωλήσειν
942 3421 1169 3500 ἔοικας,
1210 3426 1261 3487 ὦ
1311 3422 1609 3508 Κορινθία
1648 3425 1843 3508 γύναι.

363 3503 527 3568 Ὧδε
576 3505 757 3589 μίσει,
800 3510 885 3574 ὡς
918 3509 1229 3592 φιλήσων·
1278 3513 1363 3577 ὡς
1407 3510 1477 3572 δὲ
1524 3511 1820 3594 μισήσων,
1869 3507 2053 3593 φίλει.
