2452 4186
1232 304 1350 364 194

381 471 669 554 δεύτερον
710 470 753 550 ἡ
788 466 1008 552 Ῥώμη
1060 471 1156 532 σοὶ
1201 471 1276 534 ἰὼ
1319 468 1516 533 Παιὰν
1565 469 1886 539 ἀλαλάζει.

468 557 597 619 αἰὲν
644 555 924 637 ἀνίκητον
971 558 1103 616 σεῖο
1149 553 1329 622 πόλις
1372 555 1443 616 σὲ
1487 554 1625 639 βοᾷ.

382 640 523 707 ἄλλ’
574 639 673 702 ἵνα
720 638 1116 724 χαρμοσύνης
1154 639 1397 701 πίσυνοι
1442 636 1849 722 δραττώμεθα
1891 638 2149 720 μᾶλλον,

463 725 851 808 Σαρματικῆς
892 724 1060 807 νίκης
1102 722 1361 806 ἄγγελος
1404 723 1590 791 αὐτὸς
1630 722 1780 785 ἵκον.

381 898 563 972 8,11.
601 890 825 974 Ῥῆνος
868 895 998 954 σεῖο
1044 891 1225 955 πόλει
1273 892 1329 953 σ’
1359 891 1655 976 ἐπίδημον
1703 891 1886 954 ἐόντα
1929 894 2170 972 συνῆκε.

465 984 575 1042 τοῦ
618 980 776 1040 λαοῦ
820 976 1030 1061 φωνὰς
1067 978 1169 1038 καὶ
1211 975 1328 1060 γὰρ
1370 975 1599 1039 ἄκουσε
1633 981 1799 1038 τεοῦ.

385 1062 573 1126 ἔθνεα
615 1061 1060 1144 Σαυροματῶν,
1090 1059 1351 1144 Ἴστροιο
1391 1083 1458 1122 τε
1501 1061 1739 1144 ῥεῖθρα,
1787 1058 1983 1127 Γέτας
2027 1080 2095 1120 τε

466 1148 787 1230 πάνδημος
830 1148 1054 1228 νεαρῆς
1104 1144 1292 1229 θροῦς
1339 1146 1597 1228 ἐτάραξε
1640 1148 1857 1230 χαρᾶς.

392 1231 586 1317 μέσφ’
634 1231 797 1314 ἱερὸν
846 1229 1095 1315 σέβεταί
1146 1227 1207 1292 σ’
1256 1229 1720 1313 ἐπισημασίαισι
1763 1228 2050 1311 θέατρον,

470 1318 660 1401 δίφρα
702 1316 936 1398 δράμον
983 1317 1276 1399 τετράκις,
1325 1316 1587 1398 μηδενὸς
1631 1312 2034 1396 αἰσθομένου.

387 1400 508 1486 οὐχ
556 1401 754 1468 οὕτως
792 1399 1036 1483 ἐφίλησ’
1087 1398 1277 1462 ἄλλον
1321 1398 1580 1482 πρόμον,
1625 1397 1771 1462 οὔτε
1814 1420 1884 1459 σε
1921 1393 2160 1480 Ῥώμη.

470 1484 613 1549 οὔτε
651 1484 841 1547 πλέον
882 1485 952 1546 σὲ
997 1486 1219 1570 φιλεζν,
1264 1484 1323 1546 κ’
1367 1482 1443 1566 ἥν
1489 1483 1705 1567 ἐθέλῃ,
1755 1482 2028 1545 δύναται.

386 1656 565 1730 8,15.
609 1652 797 1737 μέσφ’
844 1653 882 1734 η
933 1651 1272 1715 Παννονίου
1321 1652 1452 1735 νίκη
1493 1650 1795 1733 πολέμοιο
1841 1651 2140 1735 θροεῖται,

470 1743 558 1823 τῷ
607 1736 706 1799 Διῒ
746 1737 851 1799 καὶ
894 1736 1034 1799 θύει
1075 1740 1193 1804 πᾶς
1242 1735 1743 1821 ἐπανερχομένῳ,

389 1825 509 1891 πᾶς
552 1821 888 1904 λιβανωτὸν
935 1821 1056 1889 ἕως
1096 1821 1331 1897 ἱππεὺς,
1373 1822 1565 1906 βουλή
1607 1843 1673 1882 τε
1719 1821 1955 1898 δίδωσι,

477 1909 688 1992 φυλῶν
727 1905 784 1968 τ’
829 1905 1146 1969 Αὐσονίων
1190 1905 1266 1968 τὰ
1307 1906 1474 1989 τρίτα
1520 1906 1694 1988 δῶρα
1729 1905 1927 1982 πέλει,

393 1992 685 2075 μν’σεται
725 1991 764 2072 ἡ
808 1986 1026 2073 Ῥώμη
1068 1991 1287 2053 τούτου
1333 1990 1614 2075 κρυφίοιο
1659 1990 1992 2076 θριάμβου,

470 2016 673 2140 plazano
721 2072 782 2137 τ’
815 2075 1058 2158 εἰρήνης
1104 2073 1176 2137 ού
1224 2074 1437 2158 μικρός
1476 2074 1602 2137 ἐστι
1641 2079 1804 2159 τεῆς,

393 2166 502 2245 τῆς
548 2161 721 2243 ὁσίης
761 2159 852 2222 ὅτι
895 2165 1013 2221 τῶν
1061 2159 1229 2222 ἰδίων
1277 2159 1337 2222 εἶ
1377 2161 1623 2244 μάρτυς.
1651 2160 1952 2230 Ἀνακτος

479 2245 602 2307 ἐστὶ
648 2246 865 2322 καλοῦ,
910 2248 1137 2327 γνῶναι
1174 2242 1318 2312 τοὺς
1365 2244 1921 2327 ύποτασσομένους.

393 2417 567 2490 6,80.
611 2412 914 2495 Αἴγυπτος
960 2412 1280 2495 φιλότιμος
1317 2412 1629 2478 ἀπέστειλ’
1675 2418 1761 2481 ὡς
1791 2415 1922 2494 νέα,
1943 2414 2208 2501 Καῖσαρ,

481 2500 653 2581 δῶρα
692 2496 1090 2582 χαριζομένη,
1138 2498 1235 2559 σοὶ
1279 2496 1434 2582 ῥόδα
1468 2500 1807 2582 χειμερινά.

395 2581 719 2667 Μεμφίτης
762 2582 1036 2665 Φαρίους
1078 2581 1300 2665 ναύτης
1346 2581 1647 2666 ἐχλεύασε
1692 2586 1925 2666 κήπους

481 2667 664 2729 οὐδὸν
713 2664 1099 2749 ἐπεμβαίνων
1149 2665 1447 2750 ὑμετέρης
1487 2665 1722 2736 πόλιος.

395 2750 611 2815 τόσσον
659 2748 766 2833 ἄρ’
815 2753 966 2834 ἡρὸς
1008 2750 1277 2832 ἄγαλμα,
1319 2750 1469 2832 τόση
1515 2752 1694 2835 χάρις
1734 2751 1897 2816 ἔπνε’
1949 2756 2210 2840 ὀδωδῆς,

479 2835 696 2898 τόσσον
745 2832 1104 2898 Παιστανῶν
1149 2834 1222 2917 ῆν
1272 2835 1582 2917 ἀγλάϊσμα
1627 2836 1853 2901 πέδων.

399 2920 567 3003 ὅππῃ
618 2918 731 3003 γὰρ
781 2919 1082 3002 μετένεγκ’
1129 2919 1168 3001 ἢ
1215 2919 1324 3002 μὲν
1366 2917 1586 2996 πόδας,
1626 2921 1704 3004 ἠὲ
1748 2923 1848 2985 καὶ
1896 2923 2090 3008 ὄψεις,

481 3009 599 3072 πᾶς
641 3005 1020 3088 στεφάνοισιν
1066 3000 1101 3065 ἔ
1144 3026 1172 3065 ν
1203 3007 1412 3088 χῶρος
1454 3004 1810 3087 ἐρευθιόων.

399 3088 560 3155 ἀλλὰ
605 3088 676 3151 σὺ
721 3094 1043 3173 χειμερινῇ
1075 3027 1331 3170 ςβώμης
1368 3091 1705 3172 νικώμενος
1750 3092 1882 3175 ὥρῃ

480 3172 691 3249 Νεῖλε,
734 3173 1024 3258 θερισμὸν
1069 3172 1170 3235 ἐὸν
1215 3173 1344 3253 δός,
1391 3171 1544 3256 ῥόδα
1586 3173 1646 3235 δ’
1694 3175 2004 3261 ἀντίλαβε.

405 3345 500 3416 13,
523 3343 659 3403 127.
703 3341 798 3402 σοὶ
815 3341 1170 3425 στεφάνους,
1190 3343 1241 3404 ὦ
1259 3339 1522 3427 Καῖσαρ,
1539 3347 1571 3407 ὁ
1584 3349 1817 3429 χειμὼν
1836 3346 1998 3409 δῶκε
2010 3346 2205 3430 προώ·

486 3424 692 3509 εἴαρος
732 3423 806 3508 ἦν
852 3427 920 3488 τὸ
961 3425 1162 3509 ῥόδον,
1203 3430 1305 3490 νῦν
1358 3427 1427 3489 δὲ
1460 3430 1594 3491 τεὸν
1637 3429 1869 3512 γέγονε.
2018 3435 2202 3514 [ρους.
