2452 4186
1193 331 1321 390 388

342 502 423 560 34
834 499 1103 557 Latonae
1140 501 1420 576 suffimen,
1461 519 1677 559 murra.

342 587 400 647 O
444 587 683 645 Latona
724 584 1139 662 gemellipara,
1180 587 1476 657 trabeata,
1515 585 1799 656 verenda,

338 670 531 730 Nerio
580 668 893 742 Coeantis,
941 669 1192 727 multum
1237 672 1443 743 votita,
1489 670 1807 745 modisque

339 756 685 834 Morigeris,
730 755 904 814 Iovio
951 763 1127 829 partu
1172 755 1468 813 ditescere
1512 755 1671 813 dulci

339 840 695 901 Promerita'
729 841 817 913 es,
857 840 1158 898 Februum
1196 840 1531 915 lanamque
1570 840 2092 917 sagittipotentem

338 928 790 1004 Progenerans,
835 925 994 981 hunc
1036 925 1099 982 in
1141 925 1329 997 Delo,
1376 944 1508 983 eam
1552 926 1616 982 in
1658 925 1914 1002 Ortygia
1956 927 2103 985 alta.

339 1014 502 1089 Ergo
545 1012 660 1068 huc
704 1011 995 1068 adventes
1033 1010 1346 1086 praesenti
1393 1011 1634 1068 numine
1676 1010 1819 1083 Dia,

341 1097 482 1156 Huc
523 1096 693 1168 ades,
745 1103 804 1152 et
847 1112 1025 1153 sacro
1070 1095 1156 1153 sis
1199 1095 1352 1152 felix
1394 1094 1791 1171 pandiculari.

344 1266 425 1326 35
833 1264 1098 1321 Deianae
1135 1265 1416 1340 suffimen,
1459 1283 1692 1321 manna.

341 1350 499 1422 Huc,
545 1350 660 1407 huc
695 1369 732 1406 o
775 1348 1005 1425 regina,
1052 1350 1217 1408 Iovis
1263 1348 1659 1406 celeberrima
1700 1348 1888 1425 virg0,

339 1436 589 1506 Libera,
630 1433 942 1510 famigera,
986 1434 1231 1506 Titana,
1279 1433 1841 1511 sagittipotensque,

341 1520 661 1591 Venatrix,
701 1519 936 1576 Lucina
980 1538 1226 1595 parens,
1269 1519 1615 1591 manifesta,
1655 1519 1951 1595 parunda,

339 1606 645 1664 Portubus
691 1602 954 1661 adiutrix
994 1603 1269 1677 maturis,
1313 1605 1607 1680 partubus
1650 1622 1889 1679 experS,

342 1689 580 1763 Cinxia,
624 1688 957 1765 curifugax,
1003 1690 1330 1765 ceritaque,
1375 1688 1779 1765 vertagiduca,

340 1763 733 1851 Noctuvolga
772 1774 931 1846 Dea,
977 1775 1340 1847 arcitenens,
1386 1773 1685 1847 venatica,
1729 1772 1974 1849 pernix,

341 1860 675 1931 Verrunca,
718 1867 777 1916 et
817 1858 1192 1932 Beneventa,
1237 1858 1645 1933 Calendaque,
1672 1857 2172 1935 masculiformis,

339 1945 643 2016 Porrima,
656 1944 1004 2001 nummenia
1023 1952 1201 2019 atque
1217 1945 1518 2002 hominum
1538 1944 1926 2002 sanctissima
1944 1947 2173 2019 nutrix,

343 2027 693 2100 Summana,
733 2030 1016 2106 agrestis,
1056 2029 1327 2102 fericida,
1365 2030 1566 2102 beata,
1610 2029 1911 2105 locupleS,

341 2113 513 2187 Quae
556 2115 728 2172 lucos
770 2113 1032 2185 habitae,
1081 2115 1448 2186 castissima,
1487 2115 1915 2188 cervitrucida,

340 2199 582 2276 Regina
624 2206 903 2275 augusta,
943 2206 1005 2254 et
1049 2199 1224 2255 viridi
1265 2201 1613 2274 spectabilis
1660 2219 1829 2272 aevn,

342 2283 640 2357 Oudonis,
680 2284 1030 2356 Vortumna,
1076 2282 1358 2357 Canaria,
1393 2285 1702 2362 fagutaliS,

341 2368 482 2428 Huc
523 2370 745 2429 venias
780 2370 895 2426 huc
931 2368 1114 2441 Diva,
1154 2370 1275 2428 tuis
1328 2377 1387 2427 et
1432 2370 1664 2446 sospita
1706 2376 1766 2425 et
1808 2367 1971 2425 alma

340 2453 747 2513 Praestitibus
795 2454 1017 2512 ducens
1063 2455 1248 2512 terrai
1290 2455 1539 2532 pignora
1582 2454 1817 2512 adulta:

343 2538 637 2614 Donaque
675 2539 844 2614 pacis
889 2557 1197 2611 amoenae,
1243 2539 1787 2615 polericomamque
1833 2538 2127 2596 salutem:

341 2624 531 2699 Inque
576 2625 736 2684 altos
775 2632 1007 2682 montes
1048 2624 1283 2699 protela
1323 2625 1558 2697 funera,
1595 2625 1855 2682 morbos.

342 2794 425 2853 36
499 2805 501 2828 ³
852 2794 1187 2851 Titanorum
1228 2794 1508 2869 suffimen,
1555 2805 1663 2851 tue.

339 2878 546 2938 Titani
583 2885 779 2934 terrae
825 2886 883 2934 et
924 2878 1078 2936 coeli
1114 2877 1529 2937 illustrissima
1572 2878 1815 2952 stirpes,

336 2962 708 3023 Nostrorum
752 2962 966 3038 proavi
1009 2971 1268 3039 patrum,
1329 2963 1490 3021 intra
1531 2963 1789 3020 Tartara
1830 2979 2043 3038 regna,

339 3047 610 3109 Aedibus
658 3048 948 3106 horrificis
988 3057 1187 3105 terrae
1231 3042 1523 3106 intestina
1572 3048 1866 3118 colentes,

337 3132 714 3209 Principium
757 3141 816 3190 et
861 3151 1066 3191 semen
1111 3133 1341 3191 cunctis
1387 3132 1790 3191 animantibus
1838 3130 2062 3208 aegriS,

338 3218 520 3278 Acris
565 3226 624 3274 et
660 3219 842 3276 maris
881 3226 941 3275 et
986 3219 1170 3274 terrai
1209 3218 1550 3295 frugiferai:

341 3302 440 3360 Ex
483 3303 651 3360 vobis
697 3302 997 3376 siquidem
1041 3303 1372 3379 generatim
1423 3311 1516 3363 est
1549 3302 1728 3360 omni’
1775 3319 2077 3378 propago.

338 3386 463 3446 Vos
506 3405 785 3460 veneror,
825 3386 949 3446 iras
993 3407 1494 3447 averruncassere
1531 3387 1793 3462 iniquas,

340 3470 411 3532 Si
454 3471 588 3546 quis
626 3472 706 3529 ab
742 3472 1017 3532 indufero
1055 3482 1260 3532 nostra
1303 3473 1547 3532 incubat
1590 3471 1739 3530 aede
1784 3469 2035 3532 Senatu.
