2452 4186
1197 313 1319 374 150

339 478 762 563 Χυδαιότερος
802 479 1190 563 ὀχλαγωγίας
1226 481 1546 560 πυλαϊκῆς.
1763 506 1768 509 ·

340 563 557 648 Χωρὶς
589 562 666 626 τὰ
710 560 943 626 Μυσῶν
980 565 1084 627 καὶ
1124 564 1388 648 Φρυγῶν
1435 561 1756 646 ὁρίσματα.

339 647 552 732 Χωρὶς
595 646 664 713 τό
706 646 761 710 τ’
808 649 999 711 εἰπεῖν
1041 647 1416 727 πολλὰ,·καὶ
1454 646 1530 709 τὰ
1571 644 1799 728 καίρια.

341 732 564 817 Ψυχῆς
605 732 909 815 νοσούσης
948 733 1096 796 εἰσὶν
1144 733 1342 817 ἰατροὶ
1381 730 1578 812 λόγοι.

341 816 572 881 Ψωλὸν
608 815 898 899 γενέσθαι
943 818 1043 880 δεῖ
1079 817 1151 879 σὲ
1191 816 1373 901 μέχρι
1415 814 1724 899 μυρρίνου.

328 898 412 963 Ὢ
460 900 649 963 πλέον
686 899 868 969 ἵλαος
909 901 1171 985 αἱμύλης
1213 902 1554 968 ἀλώπεκος.

337 982 562 1047 Ὤδῖνα
592 985 773 1049 τίκτει
818 984 923 1054 νὺξ
962 987 1303 1071 κυβερνήτῃ
1352 991 1552 1069 σοφῷ.

330 1066 546 1130 Ὤδιν>
594 1068 631 1132 ὅ
672 1092 759 1145 ος,
798 1067 1057 1153 κᾷπειτα
1109 1075 1223 1154 μῦν
1265 1069 1615 1135 ἀπέκτεκεν.

339 1150 525 1236 Ὢνὴν
566 1176 621 1216 τι
666 1155 754 1222 εὶς
795 1155 1182 1239 καὶπρᾶσιν,
1225 1158 1313 1223 ὥς
1353 1153 1566 1222 Φοῖνιξ
1609 1149 1781 1234 ἀνήρ.

332 1233 637 1321 Ὤρουσεν
687 1237 870 1307 ἵππος
914 1239 984 1301 ἐκ
1030 1240 1467 1323 βραδυσκελῶν
1514 1237 1692 1300 ὄνων.

336 1318 449 1390 Ὣς
491 1321 697 1405 ἀγαθὰ
738 1324 1086 1409 συλλήβδην
1134 1323 1373 1386 ἅπαντά
1415 1345 1510 1386 σοι
1550 1319 1744 1405 φέρω.

338 1404 451 1474 Ὡς
496 1406 730 1489 ἀγαθόν
779 1408 901 1470 ἐστ’
953 1407 1307 1491 ἐπωνυμίας
1346 1406 1583 1475 πολλὰς
1630 1404 1861 1511 φέρειν.

338 1488 451 1559 Ὡς
494 1489 620 1554 ἔστι
664 1514 769 1574 μοι
811 1493 877 1556 τὸ
918 1497 1134 1577 χρῆμα
1173 1497 1355 1555 τοῦτο
1395 1493 1536 1576 περὶ
1575 1489 1760 1552 ποδα.

333 1573 448 1641 ςΩς
492 1575 771 1644 εὐκόλως
810 1577 1127 1640 πίπτουσιν
1178 1578 1243 1639 αἱ
1292 1576 1567 1661 λαμπραὶ
1604 1572 1805 1657 τύχαι.

337 1656 450 1727 Ὡς
492 1660 610 1741 ἡδὺ
657 1660 762 1723 τὰν
805 1660 1125 1724 θάλασσαν
1170 1661 1293 1724 ἀπὸ
1337 1665 1445 1729 τᾶς
1482 1664 1593 1742 γᾶς
1631 1660 1801 1741 ὁρᾷν.

338 1740 450 1810 Ὡς
487 1743 606 1825 ffb
651 1748 781 1812 τοῖς
825 1748 1073 1828 σοφοῖσι
1120 1746 1471 1827 μεμνῆσθαι
1513 1743 1739 1806 πόνων.

334 1824 448 1895 ςΩς
486 1827 604 1910 ἡδύ
652 1852 746 1891 τοι
792 1827 1072 1892 σωθέντα
1121 1830 1472 1912 μεμνῆσθαι
1514 1827 1739 1891 πόνων.

338 1909 450 1979 Ὣς
496 1914 649 1995 μήτε
691 1917 951 1996 κροῦσαι
994 1913 1139 1997 μήθ’
1187 1914 1344 1997 ὑπὲρ
1378 1916 1593 1999 χεῖλος
1636 1912 1868 1995 βαλεῖν.

340 1993 451 2063 Ὡς
495 1996 614 2081 οὐχ
651 1999 967 2081 ὑπάρχων,
1019 1997 1181 2060 ἀλλὰ
1222 1997 1701 2081 τιμωρούμενος.

327 2075 569 2164 (Ὠσπερ
614 2081 689 2145 τὰ
735 2087 892 2145 σῦκα
938 2085 1126 2145 τοῖσιν
1176 2082 1532 2167 ὀφθαλμοῖς
1578 2079 1718 2165 ἔφυ.

343 2163 691 2251 Ἀβυδηνὸν
733 2166 1111 2251 ἐπιφόρημα.
1156 2165 1423 2230 Ναύσων
1451 2166 1836 2248 Ναυκράτει.

337 2249 833 2335 Ἀγαμεμνόνεια
877 2251 1133 2336 φρέατα.
1181 2248 1351 2320 Βοῦς
1397 2252 1497 2315 ἐπὶ
1544 2251 1744 2331 ζυγὸν.
1925 2258 1943 2276 ’

340 2331 868 2419 Ἀγαμεμνόνειόν
919 2337 1120 2401 δαῖτα.
1158 2333 1364 2406 Βέλος
1399 2333 1721 2421 Ἀχαϊκόν.

339 2417 580 2504 Ἀγορὰ
622 2420 896 2490 Λύκειος.
940 2420 1218 2490 Καλλίας
1252 2422 1635 2506 πτερορρυεῖ.

341 2500 614 2587 Ἀγορᾶς
655 2498 923 2590 ἄγαλμα.
968 2504 1224 2653 Θατέὲῳ
1268 2505 1706 2591 παραβλέπειν.

335 2585 599 2668 ’Άγουσι
641 2591 744 2652 καὶ
839 2590 1067 2672 έρουσι.
1173 2592 1449 2653 οιώτειον
1492 2588 1616 2658 οῦς.

341 2669 564 2740 Ἀδεὲς
605 2671 746 2741 δέος
790 2614 1100 2741 ζδέδοικας.
1139 2674 1466 2757 Ἀργείους
1511 2676 1678 2758 ὁρᾷς.

339 2753 659 2819 Ἀδύνατα
703 2757 918 2841 θηρᾷς.
964 2755 1072 2825 Εἷς
1116 2758 1270 2842 ἀνὴρ
1315 2758 1521 2827 οὐδεὶς
1565 2759 1738 2841 ἀνήρ.

340 2836 482 2923 Ἀεὶ
523 2840 600 2902 τὰ
648 2838 971 2904 Θετταλῶν
1016 2840 1257 2908 ἄπιστα.
1300 2840 1680 2906 Μυσπολεῖν.

339 2922 486 2988 'Asi
526 2945 614 3002 τις
660 2924 721 2987 ἐν
765 2922 1081 2994 Κύδωνος.
1128 2923 1232 2989 Ἐν
1281 2927 1552 2994 σκύτεσιν
1597 2929 1629 2990 ὃ
1663 2929 1823 2994 νοῦς.

341 3009 789 3092 Αἰγυπτιάζεις.
831 3009 1073 3078 Δοῦλος
1118 3011 1202 3073 ὢν
1248 3010 1445 3096 κόμην
1488 3010 1750 3096 τρέφεις.

342 3092 677 3175 Αἰγύπτιος
719 3089 1167 3179 πλινθοφόροςῖ
1191 3096 1564 3182 Ἀνθρωπος
1593 3094 1836 3180 Θαλῆς.

342 3178 558 3247 Αἰδὼς
598 3178 660 3241 ἐν
705 3180 1105 3264 ὀφθαλμοῖσι.
1149 3177 1388 3244 Βάττου
1436 3183 1695 3265 σίλφιον.

342 3259 613 3346 Αἴνιγμα
656 3260 1014 3328 Βοιώτειον.
1057 3265 1235 3348 Αῦτη
1278 3267 1478 3350 κυρία.

341 3344 462 3416 Αἲξ
509 3348 616 3431 τὴν
665 3350 992 3433 μάχαιραν.
1041 3347 1250 3412 Πάντα
1293 3351 1375 3434 μὴ
1421 3349 1650 3435 βούλου
1691 3350 1958 3432 κρατεῖν,

342 3431 679 3515 Αῐροῦντες
721 3432 1074 3517 ᾑρήμεσθα.
1123 3433 1403 3497 Φωκέων
1446 3435 1585 3519 ἀρά.

341 3517 618 3601 Αἰσχρὸν
664 3522 919 3600 σιωπᾷν.
961 3514 1063 3580 Ἐν
1109 3518 1501 3603 παρενθήκης
1547 3518 1731 3603 λόγῳ.
