2452 4186
1167 326 1249 385 77

282 493 422 553 Nos
457 494 699 570 patriae
735 493 967 552 utilitas
1013 513 1210 553 annos
1256 514 1574 552 numerare
1622 498 1882 569 vetabat.

286 581 426 656 Quo
465 579 814 655 properas?
856 598 981 651 cur,
1026 598 1182 654 quae
1223 579 1423 637 valide
1468 579 1724 639 defensa
1769 582 1989 641 dedisti

285 664 559 741 Oppida,
605 680 755 739 quas
800 665 977 722 toties
1024 665 1307 736 servasti,
1349 664 1581 723 deseris
1627 667 1842 724 arces?

283 751 536 826 Aspice,
582 748 847 806 luctifico
889 750 1218 807 miscentur
1262 758 1327 807 ut
1370 751 1577 808 omnia
1605 751 1877 826 planctu,

286 835 508 895 Omnis
551 841 619 891 ut
663 852 774 892 ora
812 852 987 891 suum
1031 835 1335 893 desideret
1375 836 1525 893 orba
1568 844 1902 910 parentem.

283 920 428 978 Heu
469 938 578 976 cur
618 926 678 975 te
719 919 884 977 vitiis
927 921 1064 977 aevi
1102 920 1447 995 praesentis
1491 921 1760 994 iniquum

286 1005 477 1064 Ocior
522 1023 672 1061 aura
711 1003 890 1061 tulit?
932 995 1078 1062 Non
1121 1013 1180 1061 te
1228 1005 1511 1080 preciosa
1554 1015 1865 1065 morantur

281 1089 582 1166 Pignora,
627 1096 1010 1164 praestantes
1053 1089 1213 1147 lecta
1251 1108 1385 1146 cum
1425 1091 1681 1167 coniuge
1726 1093 1891 1151 nati?

284 1173 433 1232 Non
474 1174 770 1249 inculpati
814 1174 1123 1232 convictus
1172 1183 1422 1233 strenua
1460 1177 1750 1247 membra,

287 1257 646 1317 Castrorum
685 1259 961 1328 comites,
1008 1279 1121 1334 per
1164 1268 1258 1318 tot
1305 1259 1655 1316 discrimina
1696 1280 1899 1334 saeva,

283 1344 610 1401 Indeserta
648 1350 786 1400 tuae
825 1344 1106 1401 fortunae
1150 1344 1326 1421 signa
1368 1344 1599 1401 secuti?

284 1432 402 1487 Ast
445 1447 584 1505 ego,
629 1447 805 1500 quem
849 1447 1132 1504 suprema
1169 1429 1310 1486 terit
1340 1428 1460 1484 iam
1506 1428 1670 1485 calce
1706 1440 2009 1503 senectus,

287 1513 452 1588 Quid
497 1512 735 1571 steriles
775 1532 994 1585 annOS,
1039 1514 1181 1586 quid
1222 1512 1436 1570 inutile
1481 1512 1766 1571 demoror
1808 1534 2048 1589 aevum,

286 1597 357 1658 Si
404 1616 601 1675 genus
644 1596 882 1656 Heroas
929 1597 1099 1655 nullo
1142 1597 1488 1674 superabile
1529 1598 1695 1656 bello

283 1684 564 1754 MorbuS,
613 1690 673 1739 et
711 1683 992 1758 ancipitis
1033 1684 1195 1758 rapit
1236 1683 1623 1740 inclementia
1660 1683 1811 1741 fati?

287 1769 347 1828 O
385 1767 608 1845 patria,
660 1788 697 1825 o
742 1768 948 1843 magni
989 1767 1364 1826 dominatrix.
1403 1766 1607 1826 Gallia
1644 1769 1836 1846 regni,

287 1851 362 1913 Si
400 1853 538 1928 quis
582 1872 756 1910 amor
796 1850 924 1909 veri
964 1861 1077 1924 est,
1121 1853 1175 1911 si
1213 1862 1275 1910 te
1325 1861 1429 1910 tua
1466 1852 1716 1910 vulnera
1759 1861 2035 1930 tangunt,

283 1938 461 1996 Pelle
503 1937 686 1996 situm
730 1938 917 1995 senii:
963 1938 1181 1995 nubem
1230 1938 1494 1995 eluctare
1533 1937 1766 1995 veterni

283 2023 561 2098 Antiqui,
601 2035 984 2098 mersumque
1035 2023 1202 2100 gravi
1242 2030 1421 2100 caput
1464 2041 1648 2079 exere
1691 2041 1929 2081 somno·

288 2112 374 2168 At
410 2109 674 2166 nondum
721 2108 947 2178 clades,
988 2108 1256 2166 nondum
1299 2117 1403 2166 tua
1443 2109 1661 2165 funera
1708 2109 1945 2167 sentis?

282 2194 592 2253 Paulatim
639 2194 968 2268 floremque
1014 2193 1252 2266 ducum,
1300 2194 1562 2267 bellique
1606 2194 1918 2252 ministros

286 2279 601 2355 Carperis.
649 2279 762 2336 hos
796 2279 1045 2336 morbus
1071 2278 1254 2353 rapit,
1294 2280 1407 2337 hos
1434 2280 1599 2335 Mars
1640 2279 1863 2354 impius
1889 2281 2113 2337 hausit.

284 2364 499 2423 Funde
543 2373 648 2421 tuo
692 2362 974 2421 lacrimas
1016 2381 1361 2438 supremum
1410 2381 1627 2420 munus
1674 2364 1940 2421 alumno.

285 2448 424 2510 Stet
463 2447 752 2506 tumulus.
794 2448 1086 2505 tumulum
1127 2448 1327 2525 signet
1370 2447 1762 2523 superaddita
1810 2466 2048 2506 caussa.

281 2534 467 2592 Hunc
509 2533 825 2605 tumulum,
871 2541 930 2590 et
971 2532 1186 2590 tumuli
1223 2532 1470 2589 titulum
1509 2551 1621 2589 sua
1646 2530 1851 2590 Gallia
1891 2539 2068 2608 rapto

285 2618 683 2689 Castanidae,
724 2637 842 2692 quo
892 2618 1058 2674 mille
1105 2618 1287 2675 duces
1335 2616 1540 2675 amisit
1580 2617 1643 2673 in
1688 2636 1830 2675 uno·

593 2712 736 2762 Obiit
768 2727 904 2762 anno
946 2710 1091 2773 1595,
1129 2713 1212 2761 111
1251 2713 1368 2763 Kal
1405 2712 1658 2762 vmbris.

437 2869 567 2924 Deo
608 2877 725 2941 opt.
774 2887 926 2926 max.
969 2888 1197 2927 sacrum
1244 2878 1299 2926 et
1335 2872 1638 2927 memoriae
1676 2879 1959 2926 aeternae.

374 2951 687 3009 Ludovico
750 2950 1054 3011 Castaneo
1109 2953 1514 3012 Prulliacensi
1569 2961 1630 3011 et
1688 2951 2113 3010 Malavallensi

284 3038 529 3113 baroni,
558 3034 758 3094 castri
780 3037 1007 3096 Posaei
1025 3038 1235 3096 Tufoll
1262 3046 1321 3095 et
1342 3039 1584 3097 Abenn1
1609 3036 2113 3108 domin0,utrius-

284 3141 406 3196 que
446 3121 679 3179 ordinis
719 3122 901 3195 equiti
947 3131 1239 3197 torquatO,
1277 3124 1445 3199 regio
1485 3124 1644 3180 intra
1684 3140 1920 3181 sacrum
1964 3119 2114 3179 Gal-

281 3206 504 3264 liarum
579 3207 1009 3265 consistorium
1073 3206 1448 3280 consiliario,
1519 3217 1749 3265 turmae
1810 3206 2111 3282 quinqua-

284 3291 460 3368 ginta
517 3290 782 3365 equitum
829 3294 1351 3369 cataphractorum
1403 3293 1735 3373 praefecto,
1798 3292 2116 3366 utriusque

280 3376 500 3433 limitis
565 3375 955 3435 Lemovicani
1009 3378 1140 3434 vice
1192 3377 1362 3453 regia
1400 3378 1636 3449 rectori,
1686 3396 1725 3434 a
1766 3376 1962 3452 primo
2011 3394 2114 3432 ae-

283 3460 436 3518 tatis
480 3460 760 3519 tirocinio
805 3463 868 3520 in
915 3462 1146 3520 actibus
1188 3461 1447 3538 publicis
1485 3480 1557 3520 ac
1593 3461 1830 3521 bellicis
1867 3461 2116 3519 'strenue

288 3563 371 3603 ac
403 3544 662 3602 fideliter
706 3556 974 3621 versam,
1006 3547 1213 3606 multis
1246 3546 1657 3624 legationibus
1692 3566 1803 3623 pro
1833 3545 2115 3604 christia·
