2452 4186
1126 303 1315 396 45·

256 458 369 544 (Τὸ
413 461 531 546 γὰρ
580 463 877 546 παράρων
922 468 1024 528 καὶ
1065 468 1464 552 κεκομμένων
1514 471 1744 556 φρένας

255 545 592 631 Μέληθρόν
639 546 828 627 ἐστιν)
870 549 1011 611 ἀλλ’
1057 551 1149 614 ὅτι
1185 552 1533 624 Σκαλανίας

258 631 476 715 Ψυχῆς
520 631 727 714 ὑγείαν
774 631 835 694 ἐν
884 638 1132 720 νοσηλῷ
1180 641 1418 721 σώματι

245 712 506 778 Ἐδεκτο
552 719 670 800 χαῖ
706 737 795 778 ον.
844 718 1037 783 οἰκίαν
1084 721 1146 784 δ’
1196 722 1351 806 ἐμὴν
1396 725 1531 787 ἐπεὶ
1654 768 1661 777 -

250 798 455 863 ’Hsset’
504 800 663 881 ἐπῆλ
709 822 795 877 εν,
841 803 1081 887 ἥδομαι
1122 807 1225 869 καὶ
1266 810 1584 892 γάννυμαι.

252 881 378 947 Καὶ
413 882 746 969 Χρέμυλος
792 886 1003 972 ὥσπερ
1047 895 1317 973 κωμικὸς
1355 895 1624 959 πλούτου
1669 901 1874 983 τυχὼν

251 974 388 1040 Καὶ
472 973 803 1058 ροιμιάζειν
851 974 955 1037 καὶ
992 977 1276 1059 χορεύειν
1328 979 1516 1063 βούλο
1570 1003 1652 1045 αι.

251 1060 339 1124 Σὺ
382 997 498 1143 γζρ
548 1057 964 1125 ἀντίπλουτος.
1013 1060 1075 1122 ἓν
1121 1060 1261 1124 τόδ’
1305 1006 1649 1148 ἠχθέσὶζιην,
1697 1066 1787 1129 ὅτι

253 1146 455 1227 Φίλην
503 1144 785 1225 δάμαρτα
829 1142 1131 1225 δωμάτων
1178 1149 1392 1230 πιστὴν
1430 1149 1585 1213 κύνα

242 1227 514 1295 Ἔλαθες
555 1226 785 1310 ἐπηλὺς
834 1227 964 1288 ἀντὶ
1007 1232 1298 1312 φιλτάτου
1339 1236 1574 1316 παρών.

254 1312 409 1379 Οὐδ’
449 1314 655 1395 ὥσπερ
702 1312 886 1390 εἰκὸς,
935 1316 1020 1380 ὡς
1068 1314 1279 1397 ἐχρῆν,
1328 1321 1413 1384 ὡς
1455 1315 1625 1385 ἄξιον

244 1397 435 1480 Ἐμοί
474 1419 539 1459 τε
585 1398 688 1459 καὶ
738 1397 853 1471 σοὶ,
896 1396 1222 1480 ἐξενώθης.
1269 1402 1329 1463 τί
1360 1402 1576 1477 πάθω;

254 1482 334 1547 Τί
376 1483 436 1545 δ’
484 1480 709 1549 ἔλαθες
754 1481 989 1557 αὕτωςς
1029 1481 1072 1565 ἧ
1114 1505 1192 1565 ρα
1244 1484 1535 1570 βακχικὸν
1577 1488 1765 1552 πέδον

254 1568 350 1632 A&
393 1569 664 1650 ηλιανῶν
714 1564 775 1628 σ’
820 1565 1173 1650 ἐνπερήσειν
1213 1568 1466 1652 ἤλπισα.

337 1590 771 1733 ἕύδαιμονίζω
815 1651 919 1712 καὶ
965 1652 1035 1714 σὲ
1080 1657 1187 1734 τῆς
1222 1655 1492 1738 ἀφίξεως

253 1736 524 1801 Λιπόντα
567 1732 840 1819 Πάριδος
877 1736 983 1818 τὴν
1029 1736 1206 1799 πόλιν
1250 1742 1617 1824 φερώνυμον

253 1820 457 1886 Αὐτόν
493 1842 558 1882 τε
605 1820 923 1903 δύσπαριν,
968 1821 1219 1904 Φρύγας
1256 1847 1320 1885 τε
1361 1832 1753 1910 γυναιμανεῖς

254 1903 784 1989 Πιθηκομόρφους
826 1905 1080 1988 αὐλικῆς
1122 1908 1386 1991 ἀεργίας.

254 1991 383 2056 Νῦν
433 1987 686 2058 εἰκότως
728 2011 797 2070 γε
845 1991 1008 2073 φημί
1047 1990 1106 2053 σ’
1156 1990 1279 2054 ὄντ’
1327 1992 1680 2079 ἐλεύθερον.

248 2074 414 2159 Ἐγὼ
469 2075 538 2138 δὲ
585 2075 771 2159 δηρὸν
821 2074 1089 2160 ὑστερῶν
1135 2099 1270 2149 σου,
1314 2078 1612 2163 φαίνομαι

253 2160 383 2225 Νῦν
426 2160 805 2235 ἀντίδουλος,
857 2161 1169 2224 δεσποτῶν
1216 2163 1568 2249 ἀβελτέρων

145 2267 162 2279 ‘
255 2243 559 2330 Τριτάλας
610 2243 854 2307 ἀκούων
899 2246 1002 2308 καὶ
1041 2247 1248 2308 δίκαια
1282 2246 1504 2312 κᾶδικα

256 2328 463 2394 Τόπον
506 2327 731 2411 τρόπον
776 2352 842 2391 τε
888 2332 1195 2416 κάρβανον
1244 2331 1363 2416 βόα
1398 2333 1618 2419 σέβων.

329 2412 581 2479 Ὄλοιτο
632 2414 785 2494 δῆτα
826 2422 1089 2498 τρωϊκῆς
1135 2417 1415 2485 ἀπιστίας

254 2497 601 2581 Βλάστημα
648 2498 895 2581 μιαρὸν·
946 2497 1016 2560 ἂν
1066 2500 1120 2561 δ’
1167 2501 1425 2583 ἀχαϊκὸν
1470 2502 1620 2586 δόρυ

254 2584 555 2665 Γλώσσης
591 2581 824 2664 θερίζοι
872 2584 1112 2666 φοινίας
1155 2584 1370 2666 ἐναγὲς
1409 2587 1592 2668 κάρα,

252 2669 338 2733 Σὺ
389 2667 447 2731 δ’
501 2664 579 2729 αὖ
626 2662 815 2752 βιῷης
856 2671 980 2736 σῶς
1018 2668 1081 2731 ἐν
1129 2668 1379 2731 εὐεστοῖ
1415 2671 1613 2754 φίλος.

254 2753 413 2818 Θεὸν
463 2751 571 2835 μὲν
623 2753 771 2815 αἰτῶ
821 2756 931 2834 σῆς
976 2753 1338 2835 ἀπαλλαγὴν
1386 2754 1596 2834 νόσου,
1712 2817 1715 2822 .

249 2837 534 2920 Πυρετοῧ
576 2858 641 2898 τε
686 2837 851 2919 λῆξιν
895 2839 998 2900 καὶ
1041 2845 1245 2901 κακῶν
1295 2840 1717 2926 ἀποστροφὴν,

240 2920 314 2987 ”E
365 2944 458 2990 οις
505 2921 575 2983 δὲ
616 2921 857 2984 πλουθυ
901 2923 1027 2985 είαν
1072 2924 1174 3006 ἠδ’
1219 2922 1568 3008 εὐπραξίαν.

236 2946 454 3092 ’Ἠξως
494 3027 562 3068 τε
607 3007 815 3090 χαίροι
860 2944 1215 3076 {moravam
1248 3008 1563 3095 Ἀβέννιος

242 3091 489 3160 Ἀωτος
537 3090 722 3175 ἄκρος
764 3089 1072 3172 εὐγενείας
1116 3088 1434 3177 Κελτικῆς.

291 3273 394 3332 51.
477 3274 831 3347 Inscriptum
877 3272 1055 3349 Operi
1096 3274 1168 3330 de
1203 3272 1626 3332 Emendatione
1671 3273 2026 3349 Temporum.

124 3365 138 3392 ¹
253 3351 336 3416 Σὲ
375 3356 479 3418 τὸν
524 3351 805 3416 παθόντα
848 3352 956 3421 τὰς
995 3354 1443 3437 χρονογράφων
1485 3352 1726 3438 φθορὰς

259 3437 514 3523 ἔστησεν
555 3439 642 3506 εἰς
682 3439 750 3500 τὸ
787 3438 1042 3500 κάλλιον
1088 3438 1321 3522 χάρτης
1367 3437 1495 3500 ὅδε.

263 3522 329 3586 σὺ
377 3523 439 3585 δ’
488 3524 550 3586 οἱ
590 3523 696 3589 δὸς
741 3519 917 3590 αὖθις
956 3523 1135 3606 αἰανῆ
1176 3520 1401 3607 χρόνον
1445 3519 1672 3607 Χρόνε.
