2452 4186
1095 302 1214 363 119

227 457 490 518 Latrare
532 481 664 522 mos
709 464 868 524 hunc
904 469 1086 546 cogit,
1136 481 1200 530 at
1240 473 1451 535 aritae
1500 494 1654 535 eum.

227 629 334 686 35.
423 629 655 690 Famae
705 635 920 695 beatus
960 640 1063 713 qui
1102 642 1441 716 supervixit
1485 662 1655 718 suae,

224 713 492 791 Illisque
530 719 750 776 meruit
792 721 1088 782 interesse
1129 724 1436 800 laudibus,

226 796 399 871 Quas
446 801 574 859 vita
610 822 734 862 non
772 806 897 878 dat,
937 807 1118 867 funus
1159 829 1232 867 ac
1271 812 1423 870 cinis
1467 813 1697 874 darent.

223 882 426 945 Bonis
468 885 699 961 liceret,
748 890 803 948 si
843 891 1055 950 liceret
1096 913 1210 970 per
1256 896 1472 970 malos,

225 968 405 1029 Vivis
455 980 679 1050 negata
719 975 918 1051 gloria
959 978 1115 1037 vivis
1162 980 1299 1038 frui.

227 1050 356 1113 Sed
398 1055 455 1114 si
490 1057 784 1116 bonorum
822 1061 1047 1120 iudicia
1086 1063 1159 1120 de
1203 1084 1301 1123 me
1343 1067 1465 1124 mei

225 1138 526 1200 Tardavit
571 1144 707 1201 aevi
746 1144 907 1204 livor
948 1165 1020 1205 ac
1055 1148 1425 1227 malignitas,

224 1226 430 1283 Meam
472 1225 796 1301 loquentes
841 1231 1092 1307 gloriam
1134 1235 1454 1310 nepotibus

224 1309 520 1368 Iniuriam
566 1311 781 1371 horum
828 1335 946 1374 non
991 1319 1278 1376 tacebunt
1318 1321 1572 1395 posteri.

225 1479 328 1538 36.
424 1477 836 1559 Quaecunque
881 1494 943 1543 et
984 1495 1146 1545 artes
1190 1487 1536 1561 moliuntur,
1585 1499 1645 1546 et
1685 1491 1846 1566 parit

222 1562 486 1637 Natura,
529 1584 698 1626 mors
739 1569 891 1626 haec
931 1570 1216 1630 vindicat.
1266 1581 1430 1631 stant
1471 1582 1537 1631 ut
1575 1584 1780 1633 ruant:

223 1648 472 1722 Vivant,
515 1660 583 1709 ut
626 1652 864 1711 obeant.
907 1655 1120 1714 ultimo
1168 1657 1504 1716 discrimini

225 1730 515 1793 Servatur
551 1737 733 1795 orbis.
793 1739 1018 1798 Omnia
1062 1742 1124 1799 in
1171 1743 1461 1802 mundum
1507 1744 1728 1801 cadunt

226 1816 526 1878 Casurum
572 1830 635 1878 et
678 1822 903 1899 ipsum,
950 1845 1064 1884 non
1104 1827 1438 1885 'habentem
1474 1847 1593 1903 quo
1640 1830 1833 1888 cadat.

223 1988 324 2046 37.
416 1989 637 2050 Omnis
687 1993 907 2069 cupido
954 1994 1175 2068 laudis,
1226 1995 1425 2054 omnis
1472 1996 1755 2070 ambitus,

222 2072 503 2134 Pruritus
545 2076 735 2134 animi
783 2087 878 2137 est
919 2079 1254 2140 febrientis.
1296 2079 1545 2140 Gloriae

225 2156 624 2237 Contemptor
657 2163 917 2238 animus,
963 2166 1153 2224 maior
1193 2168 1357 2225 omni
1402 2166 1594 2244 gloria
1637 2175 1750 2225 est.
1836 2172 1841 2175 ’

224 2329 325 2387 38.
414 2328 822 2406 Quaecunque
864 2333 1045 2393 luxus
1091 2334 1314 2392 artifex
1359 2336 1666 2412 superflua

223 2413 609 2492 Excogitavit
651 2417 783 2476 esui
820 2426 998 2493 atque
1040 2419 1307 2488 indutui3

227 2498 399 2574 Quae
447 2509 634 2558 nauta
675 2521 918 2575 avarus,
958 2504 1252 2582 prodigus
1294 2505 1453 2562 vitae
1498 2523 1666 2578 suae,

223 2583 448 2642 Procul
487 2586 704 2662 petivit
736 2587 924 2664 longa
967 2607 1081 2664 per
1129 2589 1500 2661 discrimina,

223 2668 399 2727 Vitae
443 2681 737 2746 parantur
771 2674 994 2746 omnia,
1034 2681 1096 2730 et
1138 2674 1323 2732 vitam
1364 2682 1644 2733 atterunt.

223 2836 322 2895 39.
413 2835 682 2898 Conviva
718 2842 836 2919 fige
875 2843 1048 2918 potui
1082 2844 1341 2919 primum
1384 2844 1644 2916 modum,

224 2918 390 2994 Quod
437 2933 532 2981 est
574 2944 859 2997 necesse3
905 2929 1277 3003 proximum,
1320 2929 1478 3004 quod
1521 2938 1616 2988 est
1657 2930 1829 2990 satis.
1902 2940 1905 2943 '

221 3004 327 3064 Nil
371 3016 470 3066 sat
500 3009 700 3067 bibaci
739 3019 855 3084 est,
911 3012 1118 3072 sobrio
1164 3014 1251 3070 nil
1290 3023 1391 3072 rest
1430 3034 1659 3090 parum.

225 3174 321 3233 40.
409 3177 650 3235 Morum
695 3180 994 3239 malorum
1041 3183 1402 3257 pestilentus
1452 3184 1699 3259 spiritus

224 3257 366 3320 Sive
408 3262 613 3335 adflat,
657 3266 881 3336 aufert3
924 3266 1052 3325 sive
1103 3268 1367 3344 stringit,
1411 3268 1619 3327 inficit.

223 3343 319 3403 Ne
357 3345 515 3404 forte
552 3355 614 3406 te
655 3349 798 3409 ullis
843 3351 1058 3409 allinat
1102 3353 1396 3428 contagiis

222 3429 495 3489 Pruritus
541 3433 786 3509 aliquis,
826 3435 950 3493 tale
990 3437 1444 3494 contubernium

223 3514 429 3573 Vitare
467 3537 746 3594 propera.
790 3539 1052 3596 namque
1092 3521 1146 3581 si
1188 3539 1392 3579 mores
1441 3521 1639 3582 melios
