2452 4186
1078 336 1192 396 191

227 504 320 578 10,
339 500 441 564 53.
492 498 614 562 Σκύ
622 522 774 583 ρπος
808 500 929 563 ἐὼ
936 502 1182 573 ,κῦδος
1221 502 1577 607 πολυηχέος
1613 502 2046 587 ἱπποδρόμοιο,

305 587 415 653 σὸς
453 522 795 669 κρύτορς,ὦ
913 548 1077 670 ιύμη,
1125 590 1256 649 σεῖο
1302 586 1596 693 τρύφημα
1642 588 1864 673 βραχύ,

221 671 529 778 βάσκανος
570 668 637 732 ὃν
676 670 802 753 τρὶς
845 667 1077 733 ἔτεσσιν
1127 670 1225 734 ἐπ
1257 671 1441 734 ἐννέα
1479 672 1714 756 πότμος
1757 668 2048 757 ἀναιρῶν,

301 754 412 822 τὰς
448 753 617 821 νίκας
662 754 968 837 ἀριθμῶν,
1011 779 1166 841 ῳετο
1210 755 1540 840 γηραλέον

225 926 324 999 11,
346 927 441 986 13.
480 921 643 989 ὅστις
686 921 1031 1027 Φλαμινίην
1077 924 1320 1009 τρίβεις,
1364 926 1560 999 ὁδῖτα,

482 1002 725 1075 ἔνδοξον
765 1005 910 1075 τόδε
955 1012 1125 1090 σῆμα
1151 1010 1251 1112 μὴ
1297 1008 1459 1093 παρέ
1499 1032 1639 1116 χου.

478 1091 764 1196 τερπωλὴ
816 1091 1083 1170 πόλεως,
1138 1093 1391 1178 ἄθυρμα
1492 1094 1685 1170 είλου,

476 1174 659 1260 τέχνη
702 1177 803 1238 καὶ
848 1177 1049 1262 χάρις,
1085 1179 1306 1261 ἡδονὴ,
1345 1178 1644 1262 κρύτημα,

481 1263 705 1342 σκηνῆς
746 1259 1072 1344 Ἀυσονίης
1113 1261 1296 1330 κλέος
1340 1283 1404 1324 τε
1446 1263 1671 1344 κᾶλγος

481 1345 584 1406 καὶ
629 1348 746 1407 πᾶν
792 1350 1005 1429 χρῆμα
1050 1349 1259 1410 καλῶν
1308 1346 1614 1450 ἐρωτικῶν
1656 1369 1742 1421 τε,

480 1426 653 1514 τῷδ’,
697 1426 749 1514 ᾤ
790 1431 893 1492 καὶ
941 1428 1151 1516 Πάρις,
1194 1432 1355 1516 ἠρίῳ
1393 1430 1709 1493 τέθαπται.

223 1599 607 1672 Gruter340‚
628 1599 687 1659 4.
717 1597 1088 1681 διφρελάτου
1119 1602 1318 1661 κεῖται
1343 1598 1559 1682 τύμβῳ
1592 1599 1680 1661 ἐνὶ
1710 1600 1870 1682 τῷδε
1907 1592 2051 1662 νέου

316 1682 602 1765 λείψανα,
646 1686 755 1744 τοῦ
794 1688 1003 1766 νωμᾷν
1051 1684 1115 1745 δ’
1154 1684 1323 1765 ἠνίον
1373 1683 1487 1746 οὐκ
1532 1685 1786 1762 ἀὸαοῦς,
1914 1684 2052 1766 [μὲν

228 1767 393 1834 οστις
436 1766 784 1869 τεθρίππων
831 1767 1195 1877 ἐπιβήμεναι
1234 1766 1354 1851 ἤδη
1403 1768 1702 1851 ἐτόλμων.

312 1849 458 1914 ἀλλ
505 1850 927 1933 ἀποθύμιος
893 1875 966 1936 ην
1015 1851 1164 1914 οὐδὲ
1209 1853 1468 1935 συνωρὶς
1513 1852 1672 1935 ἐμοί.

223 1934 466 2020 Μοῖραι
516 1936 641 2017 ἐμῇ
689 1936 999 2020 βάσκηναν
1053 1937 1393 2018 ἀμείλικτοι
1438 1936 1695 2020 νεότητι,

227 2042 653 2170 ουὲῗςέἑῖρῖῐ
692 2021 993 2188 3325&
1024 2021 1502 2218 ζξρῗςέζξκῗὲἕέ
1550 2023 1963 2183 ἷξὲἔὲῗζναων,

316 2192 514 2273 δῆμος
579 2190 629 2251 ν’
684 2190 990 2276 εὐσεβέων
1039 2192 1119 2275 μὴ
1167 2193 1324 2255 κατὰ
1371 2192 1560 2276 δάκρυ
1608 2192 1824 2277 χέοι[.]

225 2275 526 2380 ἐνδύτερα
572 2277 898 2382 ζαφλεγεῖς
938 2278 1359 2360 κατεδηδοκαν
1405 2277 1573 2360 ἅψεα
1618 2282 1848 2351 νοῦσοι,

224 2395 231 2398 ,
318 2359 392 2427 ἃς
432 2359 596 2426 οὔτις
634 2363 800 2442 νικᾷν
826 2359 1049 2464 ἴσχυσ’
1093 2362 1439 2467 ἁκεστορίη.

224 2445 389 2515 ξεῖνε
435 2468 504 2506 συ
548 2443 603 2505 δ’
651 2443 937 2529 ἡμετέρῳ
988 2445 1176 2508 πολιὰ
1230 2446 1403 2551 κρίνα
1445 2443 1630 2528 βάλλ’
1679 2446 1776 2507 ἐπὶ
1821 2444 2054 2529 τύμβῳ.

314 2528 355 2612 ἦ
402 2529 564 2612 τάχα
611 2529 685 2612 δὴ
736 2532 881 2615 ζωῳ
919 2530 1023 2591 καὶ
1071 2554 1141 2592 συ
1181 2529 1487 2614 κρύτησας
1532 2530 1691 2611 ἐμοί.

225 2701 615 2773 Gruter655‚
633 2703 691 2760 3.
721 2696 1414 2805 θρνσκευταὶΚυβέλης,
1429 2699 1646 2761 ’Άττυν
1677 2698 1896 2780 Φρύγα
1913 2697 2055 2781 θρη-

311 2784 528 2851 νυκτὸς
551 2784 672 2851 ἕως
676 2741 941 2867 κατέχει
952 2784 1263 2891 Δινδυμον
1297 2783 1545 2889 ἠρεμίη,
1601 2787 2056 2863 [νοκοπουντες,

226 2870 336 2934 καί
385 2890 462 2951 με
504 2866 771 2931 θανόντα
792 2866 989 2948 γοᾶτζ
1035 2867 1106 2930 06
1155 2868 1270 2952 (ὰρ
1311 2868 1478 2937 ξένος
1507 2866 1798 2951 εἰμὶμέτ’
1830 2867 2055 2934 αὐτοῖς.

296 2949 547 3037 σΕκτωρ
593 2953 695 3015 καὶ
737 2953 904 3037 ψυχὴ
954 2951 1261 3034 Μυγδονὶς
1305 2954 1424 3016 ὧδ’
1472 2953 1724 3038 ἐτάφην.

229 3039 398 3105 ὅστις
439 3036 784 3119 ἐπωνύμιον
827 3039 1045 3144 μικρὸς
1091 3036 1248 3119 μέγα
1293 3039 1763 3121 κληρονομήσας

318 3122 383 3185 ἐν
431 3125 590 3208 βαιῷ
634 3122 770 3185 ποτ’
821 3121 926 3205 ἔην
975 3123 1214 3204 σώματι
1257 3127 1471 3206 χρῆμα
1510 3122 1693 3198 πολύ,

229 3207 606 3289 ἱπποδαμεῖν
647 3208 906 3286 δεδαὼς,
955 3206 1409 3289 ἐπαλείφεσθαί
1440 3229 1506 3269 τε
1537 3207 1908 3289 παλαίστρῃ,

319 3293 645 3370 σκώπτειν,
694 3293 1026 3377 τεχνάζειν,
1070 3292 1264 3354 πίστιν
1311 3290 1701 3374 ἀνιστορέειν.

233 3378 334 3441 σοὶ
380 3377 451 3439 δὲ
489 3376 626 3439 θεοὶ
668 3377 853 3452 δοῖεν,
895 3381 1014 3439 τῶν
1062 3376 1196 3458 ἀξίη
1242 3375 1316 3451 εἷ,
1364 3376 1718 3457 Δομιτίλλα,

317 3460 466 3545 γαίῃ
514 3460 896 3547 ἐτυμβεύθην
943 3460 1019 3545 ἧς
1060 3462 1238 3547 χάριν
1291 3460 1405 3524 οὐκ
1455 3460 1650 3544 ὀλίγῃ.
