2452 4186
1100 332 1223 393 295

244 500 516 575 Dictum,
557 501 958 577 profanumve
997 502 1061 560 in
1102 502 1275 563 Deos
1325 504 1587 578 effutia8‚

244 585 382 645 Nec
422 586 783 659 insolescas,
828 586 881 645 si
923 587 1023 644 vel
1065 588 1175 645 ulli
1219 590 1524 664 praenites

244 670 486 729 Virtute
527 671 697 743 belli,
747 671 878 729 sive
914 672 1107 731 vastis
1153 674 1360 749 copiis.

243 754 526 831 Namque
568 775 690 813 una
730 755 911 829 tollit,
956 776 1080 815 una
1120 758 1404 835 deprimit
1445 758 1574 817 dies

244 841 596 899 Mortalium
641 859 763 913 reS,
812 849 872 898 et
913 843 1061 900 boni
1106 860 1348 943 semper
1387 843 1502 901 viri

248 924 444 984 Curae
484 925 637 985 Deis
684 933 843 998 sunt,
891 934 1103 984 contra
1146 937 1210 986 at
1255 929 1439 988 invisi
1483 928 1645 986 mali.

1045 1011 1299 1073 Chorus.

247 1093 710 1167 Telamoniada‚
756 1095 857 1169 qui
897 1095 1252 1156 fundamina

247 1176 578 1239 Salaminis
621 1179 812 1237 habes
857 1181 1033 1239 firma
1074 1185 1378 1241 marinae:

240 1263 414 1322 Bene
457 1282 589 1321 cum
627 1264 740 1321 tibi
778 1265 866 1337 fit,
911 1266 1066 1325 bene
1107 1267 1324 1327 laetor.

247 1347 399 1408 Oum
443 1356 506 1406 te
544 1348 786 1406 inimico
829 1349 1115 1427 languere
1158 1354 1310 1412 Iove

245 1433 467 1492 Differt
512 1433 796 1492 Danaum
837 1435 1002 1493 fama
1043 1438 1329 1516 maligna,

244 1520 421 1576 Mens
466 1519 615 1576 mihi
655 1519 898 1601 refugit,
947 1529 1223 1597 totusque
1265 1532 1476 1595 tremo,

248 1603 518 1680 Trepida
557 1611 624 1660 ut
664 1612 897 1662 terrore
944 1606 1240 1668 columba.

244 1688 328 1747 Ut
363 1688 689 1764 praeterita
735 1698 915 1748 nocte
962 1692 1250 1754 tumultus

244 1772 380 1832 Nos
424 1774 784 1850 famigerant
823 1795 1061 1835 rumore
1103 1780 1286 1853 malm

246 1857 337 1915 Te
383 1859 541 1935 pede
577 1859 788 1917 rabido
835 1862 1270 1937 persultantem

244 1941 450 2002 Ubera
489 1944 643 2019 prati
690 1946 1081 2019 praedatitias

244 2027 528 2087 Danaum
571 2029 860 2106 pecudem,

246 2114 416 2189 Quae
463 2133 648 2191 super
690 2115 846 2191 ipsis
889 2118 1130 2176 fuerant
1172 2119 1462 2194 reliquae,

243 2198 428 2258 Ferro
469 2207 748 2258 vastasse
788 2210 1056 2261 cruento.

246 2284 421 2341 Talia
466 2284 623 2343 fictis
666 2287 887 2360 probra
932 2288 1199 2345 susurris

248 2369 530 2428 Omnium
572 2370 635 2426 in
679 2388 856 2429 aures
902 2372 1134 2448 spargit
1174 2371 1460 2448 Ulysses.

247 2450 527 2513 Creditur
570 2454 694 2512 illi:
742 2474 855 2513 nec
898 2456 1030 2513 sine
1073 2455 1260 2512 multa

246 2536 448 2599 Suada
495 2540 825 2616 excipitur:
878 2558 1095 2599 suasus
1141 2547 1201 2598 et
1243 2541 1376 2617 ipse

246 2621 517 2684 Suasore
557 2625 747 2702 magis
791 2627 1004 2701 strepit
1047 2625 1306 2698 auditor,

245 2708 377 2766 Tua
420 2708 550 2767 risu
591 2710 747 2767 facta
786 2710 1117 2771 lacessens.

246 2791 360 2865 Qui
402 2812 623 2871 magna
668 2795 820 2870 petit
865 2814 1120 2872 corpora
1167 2794 1293 2853 telo

243 2877 467 2936 Nullus
519 2881 775 2940 aberrat.
823 2879 1065 2939 Dixerit
1107 2881 1170 2937 in
1211 2899 1309 2936 me

247 2960 394 3035 Quis
436 2963 582 3036 tale,
628 2964 808 3022 fidem
849 2965 1051 3023 nullus
1097 2965 1360 3044 habebit.

243 3045 403 3105 Nam
450 3049 663 3108 felices
710 3049 860 3124 petit
903 3049 1150 3108 invidia.

243 3133 323 3191 At
366 3134 503 3191 sine
546 3134 780 3210 magnis
826 3135 949 3210 ipsi
990 3133 1163 3210 parvi

244 3216 507 3279 Intutum
558 3219 715 3276 arcis
765 3226 908 3277 sunt
952 3217 1336 3293 praesidium.

243 3300 403 3360 Nam
450 3321 583 3360 cum
630 3303 812 3361 divite
856 3305 1010 3361 bene
1048 3302 1222 3379 plebs
1270 3321 1396 3360 rem
1437 3301 1609 3378 gerit,

243 3385 436 3446 Dives
487 3405 620 3445 cum
656 3387 835 3464 plebe
882 3389 1140 3446 fovetur.

244 3471 469 3530 Verum
514 3473 661 3530 talia
705 3491 890 3532 sensa
936 3474 1150 3531 docere

246 3555 390 3617 Non
435 3558 648 3634 possis
693 3557 874 3615 corda
922 3558 1154 3633 supina.

2076 671 2178 725 130

2077 1180 2175 1234 135

2077 1609 2177 1663 140

2075 2035 2175 2087 145

2075 2460 2176 2513 150

2075 2888 2175 2941 155

2075 3314 2174 3404 1⁶9
