2452 4186
1243 322 1361 383 174

380 488 710 564 Φούκινος,
754 489 857 572 ἠδ’
898 489 1092 572 ’ἀργοῦ
1135 489 1341 573 λίμναι
1387 493 1640 573 σιγῶντο
1688 486 2008 572 Νέρωνος.

467 574 654 657 τῆσδε
700 577 843 657 μιῆς
880 573 1034 636 αἰὼν
1074 575 1423 659 ναυμαχίης
1461 573 1608 637 ἀΐοι.

389 740 445 816 ί,
460 745 517 805 5.
556 742 901 888 ναυὲιαχίην
920 743 1016 804 σοὶ
1034 742 1180 825 ἐγὼ,
1197 742 1268 804 σὺ
1285 740 1339 804 δ’
1360 741 1500 825 ἐμοὶ
1520 741 1927 826 ἐπιγράμματ’
1955 740 2218 811 ἔδωκας.

442 826 664 912 ,νήχεσ
708 849 772 889 αι
814 826 1089 910 μέμονας
1131 831 1243 910 σῆς
1287 825 1463 907 μέτα,
1507 824 1746 910 Μάρκε,
1792 828 2033 912 βίβλου.

388 997 578 1070 15,25
590 1005 634 1056 ⁸.
663 958 1024 1078 νυκτερινὸν,
1042 993 1358 1077 Λείανδρ’,
1375 994 1467 1057 ὅτι
1494 1000 1608 1057 σοῦ’
1624 995 2014 1079 πεφιδήσατο
2032 999 2221 1078 κῦμα,

473 1078 654 1141 οὐδὲν
701 1076 1081 1162 θαυμαστόν.
1122 1075 1444 1162 Καίσαρος
1481 1079 1556 1163 ἦν
1601 1079 1891 1161 πέλαγος.

389 1250 492 1324 15,
511 1249 645 1310 25¹².
697 1249 1045 1330 πάντολμος
1059 1247 1396 1331 Λείανδρος
1417 1247 1524 1330 ἑὴν
1551 1245 1794 1331 περόων
1817 1247 1918 1310 ἐπὶ
1947 1250 2216 1333 νύμφην,

472 1333 580 1417 ὕψι
617 1331 1098 1416 κορυσσομένοις
1135 1330 1364 1415 κύμασι
1408 1326 1798 1417 θλιβόμενος,

387 1416 706 1500 δύσμορος
749 1417 1015 1501 ἀντιβίην
1068 1416 1233 1479 οὕτω
1276 1415 1639 1500 προσέφησε
1689 1416 2040 1491 θάλασσαν,

476 1502 696 1586 φείδου
748 1500 1183 1585 στελλομένου,
1224 1501 1412 1571 κλύζε
1458 1523 1535 1584 με
1579 1500 1960 1583 νισσόμενον.

392 1676 420 1731 1
432 1669 1080 1754 4,181.καρτερόφρων
1097 1668 1253 1754 ἐβόα
1263 1670 1593 1753 Λείανδρος
1608 1670 1669 1731 ἐν
1687 1667 1937 1752 οἴδμασι
1953 1668 2215 1753 μέσσοις,

471 1753 657 1825 κλύζε
702 1777 800 1837 με,
843 1758 1032 1837 κῦμα,
1081 1752 1337 1836 δομόνδ’
1389 1752 1475 1839 ἂψ
1520 1755 2030 1838 ἀπονισσόμενον.

390 1922 595 1998 1530.
613 1922 943 1984 αἰτούντων
957 1925 1075 1984 τῶν
1095 1923 1203 2007 μὲν
1215 1920 1634 2007 Μύρινον,τῶν
1653 1922 1696 1985 δ’
1716 1921 1862 1985 αὖθι
1880 1922 2215 2009 Θρίαμβον,

469 2006 675 2074 τούςδ’
723 2005 1052 2069 ὑπένευσεν
1103 2006 1253 2076 ἄναξ
1300 2008 1403 2070 καὶ
1445 2008 2048 2093 διμαχαιρομάχους.

384 2091 506 2156 οὐκ
541 2090 615 2177 ἦν
664 2091 939 2176 ῥηΐτερον
988 2095 1275 2156 διαλῦσαι
1320 2095 1531 2175 ἀγῶνα
1581 2096 1847 2175 γελοῖον.

476 2183 595 2264 φεῦ
634 2182 741 2260 τῆς
784 2177 1064 2260 γενναίης
1108 2177 1416 2262 ἡγεμόνος
1454 2178 1719 2262 φύσεως.

396 2349 611 2422 15,29.
653 2349 740 2414 ὡς
771 2347 973 2409 εἷλκον
1014 2347 1199 2430 δηρὸν
1241 2345 1505 2432 Πρίσκος
1536 2350 1637 2410 καὶ
1665 2345 1876 2431 Βῆρος
1922 2348 2154 2430 ἀγῶνα,

478 2429 695 2493 ἔπλετο
738 2430 802 2493 δ’
850 2431 1102 2513 ἰσαλκὴς
1146 2432 1555 2516 ἀμφοτέροισι
1597 2434 1791 2517 μάχη,

389 2519 508 2586 πᾶς
549 2516 767 2601 ὁμάδῳ
809 2514 1095 2600 θορυβῶν
1145 2514 1364 2600 ἄφεσιν
1404 2521 1532 2586 τοῖς
1575 2518 1863 2600 ἀνδράσιν
1904 2513 2061 2602 ᾔτει.

475 2596 720 2684 Καῖσαρ
762 2600 832 2662 δὲ
881 2598 1182 2684 σφετέρης
1230 2599 1430 2685 εἴχετο
1478 2602 1816 2685 συνθεσίης.

395 2682 658 2768 σύνθημ’
701 2683 775 2768 ἧν
820 2686 1047 2770 λαχμῷ
1098 2687 1368 2769 λιχανῶν
1418 2687 1484 2748 τὸ
1533 2687 1820 2773 βραβεῖον
1865 2687 2173 2770 ὁμαρτεῖν.

479 2768 705 2831 σκεύεα
750 2769 835 2845 δ’,
885 2770 940 2842 ὅ,
983 2767 1081 2854 ρρ’
1132 2769 1293 2852 ἐξῆν,
1341 2770 1515 2853 δῶρά
1558 2794 1624 2834 τε
1668 2769 1852 2833 πολλ’
1904 2772 2139 2838 ἐδίδου.

386 2850 592 2936 ἔμπης
645 2852 711 2915 δ’
755 2852 1143 2940 ἀμφιβόλους
1185 2853 1362 2922 τέλος
1409 2847 1695 2924 ἐξίσὼσεν
1739 2854 2028 2924 ἀέθλους.

482 2936 769 3000 ἰσόπαλοι
815 2937 1126 3023 μάρναντ’,
1172 2937 1417 3022 ἤμυσαν
1465 2940 1772 3003 ἰσόπαλοι.

389 3020 586 3129 πέμξὶῖμ>
637 3022 846 3091 αὐτοῖς
890 3024 1161 3109 ῥάβδους
1202 3025 1305 3085 καὶ
1350 3026 1667 3109 νικητήρια
1711 3022 1981 3108 Καῖσαρ.

482 3129 777 3192 ευστοχος
820 3107 1051 3193 ἠνορέη
1098 3107 1270 3170 τοῦτ’
1320 3107 1615 3190 ἀπένεγκε
1645 3108 1851 3192 γέρας.

390 3190 469 3254 οὐ
514 3191 738 3275 συνέβη
790 3192 956 3269 τόδε,
990 3189 1260 3276 Καῖσαρ,
1281 3191 1386 3255 ἐπ’
1419 3194 1644 3272 οὐδενὶ,
1663 3195 1820 3277 πλήν
1858 3216 1957 3256 σοι
1988 3194 2212 3258 ἄνακτι.

481 3275 709 3337 δισσοῖν
768 3276 1198 3362 μαρναμένοιν,
1240 3282 1359 3341 τῶν
1414 3278 1524 3340 δύο
1567 3283 1731 3347 νῖκος
1772 3277 1911 3363 ἔφυ.

396 3447 496 3522 15,
516 3448 740 3509 3231.
786 3493 802 3511 .
849 3408 871 3510 .’
912 3492 2006 3513 ..................
