2452 4186
1058 318 1268 412 335*

206 484 601 557 Mensamque
647 484 913 556 calcans,
976 486 1071 544 ius
1121 489 1419 564 supinans
1470 498 1529 547 et
1571 492 1819 565 bonum,

205 568 392 626 Fetae
435 569 679 626 modum
723 580 965 628 secutus
1012 591 1190 630 ursae
1236 575 1581 633 incicorem.

202 654 363 731 Ergo
409 662 727 730 stupentes
769 655 996 714 frustra
1033 658 1295 717 tundens
1342 660 1605 732 nervias,

202 739 467 816 Egentia
511 748 571 796 et
612 739 814 796 ieiuna
851 741 1113 801 fundens
1158 745 1455 802 carmina:

206 823 329 884 Sed
365 824 521 882 flens
568 823 766 882 adibis
811 827 1068 899 patriam
1104 827 1417 888 incensam
1464 831 1655 905 prius,

202 911 499 986 Exangue
545 918 845 984 spectrum
891 912 1169 970 baiulans
1209 914 1370 973 ulnis
1418 914 1538 973 tuis

202 995 333 1052 Iam
375 993 638 1068 quinque
684 1002 904 1069 nuptae
947 996 1238 1073 Thyados
1295 999 1680 1058 Pleuroniae.

204 1078 389 1139 Satae
439 1087 679 1137 cataces
721 1098 980 1154 namque
1027 1080 1392 1142 Carmentae
1435 1087 1587 1142 mari

204 1164 332 1221 Iam
382 1164 663 1240 panuclis
707 1184 927 1222 nevere
971 1167 1169 1239 triniS,
1217 1170 1508 1246 coniuges

205 1250 654 1307 Thalassiones
697 1250 958 1324 quinque
1005 1252 1313 1311 celebrare
1352 1255 1549 1313 illius:

205 1334 382 1393 Duos
431 1335 671 1409 quidem
719 1335 922 1392 videre
967 1338 1308 1410 praedones
1352 1339 1533 1416 lupos

204 1418 355 1477 Cate
401 1420 706 1476 intuentes
752 1431 1075 1496 praepetes
1115 1422 1538 1482 immussulos:

203 1504 389 1581 Plyni
435 1512 495 1561 et
533 1504 856 1580 Libyssae,
909 1503 1226 1581 Caricique
1268 1509 1521 1587 gurgitis

204 1590 255 1647 E
310 1589 498 1663 stirpe
542 1597 768 1646 cretum
813 1591 1136 1650 semicreta
1179 1594 1523 1666 barbarum,

204 1676 282 1732 Et
325 1693 466 1731 vere
507 1673 765 1750 Epeum,
809 1695 922 1732 nec
963 1677 1202 1750 quidem
1246 1680 1537 1756 Argivum
1576 1688 1736 1753 satu,

205 1758 514 1833 Cuiusque
551 1778 727 1817 avum
769 1760 1073 1833 quondam
1110 1762 1173 1820 in
1215 1764 1548 1823 molaribus
1588 1766 1717 1825 suis

205 1844 538 1920 Hercynna
577 1844 807 1916 Educa,
852 1864 1005 1920 quae
1047 1848 1204 1924 gerit
1242 1850 1627 1924 secespitam,

205 1930 437 1988 Fartim
472 1930 726 1987 minutal
770 1930 1144 2004 frendicans,
1199 1934 1426 1993 tumulo
1466 1935 1701 2007 indidit,

206 2014 463 2072 Humeri
510 2034 703 2072 vorax
743 2015 984 2090 epulata
1028 2017 1477 2097 cartilaginem:

207 2100 402 2173 Quem
445 2101 667 2158 dudum
713 2101 980 2159 adultum
1025 2104 1303 2176 virbium,
1356 2115 1417 2163 et
1464 2107 1777 2184 cupidines

208 2185 444 2246 Graves
492 2194 803 2243 caventem
839 2188 1083 2245 navium
1123 2192 1319 2264 promi
1362 2191 1460 2250 dei

127 2261 133 2268 ’
206 2271 378 2330 Misit
427 2269 727 2329 Terentus
765 2272 825 2328 in
874 2273 1162 2331 Letrinae
1203 2276 1414 2352 iugera

207 2357 397 2417 Ocrin
440 2366 718 2433 paratum
760 2358 1086 2431 praeterire
1124 2359 1414 2434 Molpidis

204 2441 489 2500 Lustrale
535 2442 700 2499 caesi
743 2460 961 2517 corpus
1002 2443 1251 2500 imbrico
1291 2444 1445 2502 Iovi.

206 2525 416 2586 Soceri
453 2527 517 2583 in
556 2527 790 2584 ruinam
834 2527 937 2601 qui
980 2528 1301 2586 trucidavit
1343 2536 1567 2604 procos

205 2612 393 2670 Iustis
437 2612 739 2684 nefandiS,
780 2632 933 2688 quae
981 2611 1222 2672 Camilli
1263 2614 1424 2672 filius

205 2697 490 2754 Paravit:
525 2697 630 2754 ille
672 2697 891 2774 poculo
938 2700 1236 2758 exhausto
1279 2699 1514 2771 ultim0,

207 2780 576 2859 Cognomini
622 2783 895 2858 sepultus
944 2792 1037 2843 est
1082 2783 1346 2858 Salacia,
1389 2790 1410 2798 “

208 2864 466 2927 Suasam
513 2867 642 2926 suis
686 2867 889 2925 labem
929 2868 1205 2945 insipans
1249 2870 1577 2941 natalibuS,

206 2949 401 3012 Surae
440 2952 685 3026 petillae
729 2952 985 3029 Psyllan
1028 2956 1314 3033 aurigans
1362 2975 1599 3031 equum,

203 3036 451 3094 Picatae
499 3046 558 3095 et
596 3036 974 3113 Harpinnam
1018 3059 1226 3116 parem
1269 3041 1496 3118 ungula
1540 3039 1746 3118 Strigi.

206 3122 480 3179 Tandem
523 3122 630 3180 illa
668 3132 939 3198 quartum
981 3125 1224 3183 fratrem
1266 3127 1462 3183 adhuc
1500 3126 1764 3184 tuebitur

203 3207 488 3265 Lircanei
528 3209 894 3284 acceptoris:
932 3210 1036 3267 ille
1082 3230 1114 3267 e
1155 3212 1442 3269 fratribus
1676 3210 2030 3286 [Circaneit’]

204 3291 456 3369 Pugnae
495 3294 824 3352 secundum
869 3295 1198 3353 acerrimae
1248 3295 1606 3372 palmarium

207 3377 455 3438 Tulisse
492 3387 636 3436 tunc
683 3388 946 3438 canetur.
993 3388 1172 3454 atque
1218 3382 1284 3439 in
1325 3380 1609 3458 stragulis

207 3462 495 3536 Quintum
537 3464 740 3523 anxiis
782 3466 846 3522 in
889 3466 1145 3525 somniis
1194 3467 1524 3525 exercitum

205 3549 463 3609 lactabit
509 3558 639 3609 atro
686 3551 970 3629 imaginis
1014 3551 1308 3624 ludibriO,

2038 748 2137 801 140

2040 1174 2136 1228 145

2037 1602 2138 1655 150

2039 2031 2134 2084 155

2037 2457 2136 2511 160

2036 2874 2132 2927 165

2032 3305 2130 3358 170
