2452 4186
1074 321 1197 393 307

220 489 502 558 Moerore
539 486 736 547 donec
780 488 1064 564 gaudium
1105 490 1533 551 internoveris.
2049 499 2152 554 555

218 571 390 645 Quod
440 580 806 644 assecutum,
852 574 1049 647 qualis
1097 594 1174 632 ex
1214 576 1384 650 quali
1426 586 1600 652 patre

214 656 400 730 Satus
450 675 539 730 es,
581 665 642 714 te
685 666 924 731 oportet
966 659 1272 735 specimen
1319 660 1581 721 inimicis
1625 662 1789 723 dare.

213 745 296 800 At
335 742 579 800 interim
618 741 780 800 auris
825 744 1084 803 vescitor
1119 744 1381 818 levibus,
1421 747 1595 805 alens

214 829 484 886 Mentem
525 827 847 900 novellam,
892 829 1115 904 volupe
1158 831 1369 889 matris
1414 832 1718 908 gaudium.

213 912 416 971 Nemo
459 920 520 970 te
565 913 863 971 Achivum
913 914 1200 974 differens
1243 916 1486 991 probris
1528 918 1729 989 malis,
2045 924 2150 979 560

217 997 420 1056 Torve
455 997 817 1073 increpabit,
858 999 955 1056 vel
995 998 1137 1057 licet
1180 1018 1402 1078 careas·
1433 1003 1575 1065 mei.

216 1082 430 1140 Talem
474 1082 810 1156 relinquam
852 1083 1175 1142 ianitorem
1208 1098 1612 1160 acerrumum,

213 1167 674 1242 Alimoniaeque
716 1167 1059 1243 praesidem
1105 1169 1406 1229 Teucrum
1452 1172 1592 1231 tibi:

217 1250 283 1312 Si
324 1252 570 1328 quidem
613 1252 667 1310 is
714 1253 936 1311 redibit
971 1254 1231 1312 hostium
1272 1255 1554 1314 insessor
1593 1259 1817 1333 procul.

215 1341 350 1409 Ast,
395 1356 430 1393 o
476 1337 722 1396 sodales
768 1339 1035 1410 armites,
1078 1340 1315 1397 marina
1359 1354 1534 1417 gens,
2045 1351 2147 1406 565

216 1422 505 1480 Mandata
549 1423 801 1497 primum
841 1442 1000 1481 nunc
1043 1442 1327 1500 suprema
1370 1433 1430 1482 et
1475 1445 1587 1484 vos
1630 1447 1767 1485 mea

215 1507 510 1581 Accipite,
559 1514 619 1565 et
652 1508 744 1564 illi
788 1509 1139 1568 nuntiantes
1185 1509 1444 1567 reddite:

216 1592 408 1651 Istum
456 1593 726 1667 puellum
776 1594 954 1651 ducat
998 1594 1075 1650 ad
1113 1594 1282 1653 lares
1334 1613 1527 1666 mene,

214 1676 480 1736 Eriboea
520 1685 584 1734 ut
628 1677 798 1735 illum
842 1679 1066 1750 videat,
1107 1686 1166 1736 et
1212 1678 1466 1737 Telamo
1508 1688 1703 1756 pater,

215 1762 291 1820 Et
332 1762 422 1820 eis
468 1770 753 1820 senectae
797 1763 971 1821 dulce
1013 1764 1277 1822 lenimen
1322 1764 1472 1836 fuat,
2042 1777 2147 1830 570

217 1847 331 1904 Vel
376 1847 568 1904 donec
612 1848 757 1907 Orci
802 1856 959 1905 tecta
1003 1848 1125 1907 sint
1170 1849 1331 1907 nacti
1372 1849 1572 1907 inferi.

219 1930 342 1990 Ulli
392 1951 509 1990 nec
555 1951 723 1990 arma
765 1934 1199 2008 praemiatores
1247 1953 1383 1992 mea

214 2015 500 2075 Ponunto
544 2018 818 2091 Achivis,
863 2038 974 2076 nec
1017 2038 1213 2077 meum
1261 2038 1541 2097 magnum
1586 2018 1827 2077 malum.

215 2105 292 2161 At
339 2103 479 2179 ipse
521 2122 667 2162 vero
706 2105 1034 2181 Eurysace,
1075 2113 1139 2163 tu
1185 2104 1614 2183 cognominem,

212 2187 288 2245 Et
326 2188 675 2246 crebriloris
721 2190 1022 2265 pensilem
1066 2191 1321 2250 amentis
1365 2199 1622 2265 quatens
2041 2191 2143 2244 575

211 2273 543 2350 Apprende
562 2274 835 2351 clypeum
854 2276 1011 2332 hunc
1039 2294 1454 2352 praegravem,
1475 2283 1534 2331 et
1563 2274 2037 2350 septemplicem.

219 2356 340 2418 Sed
391 2377 561 2415 arma
604 2378 837 2416 mecum
877 2368 1331 2417 concremantor
1379 2367 1636 2417 caetera.

212 2442 384 2502 Heus
432 2451 497 2500 tu
542 2444 878 2520 properiter
918 2443 1197 2503 manibus
1244 2446 1401 2501 hunc
1444 2461 1698 2518 puerum
1743 2460 1916 2518 cape,

212 2528 288 2586 Et
321 2530 568 2586 ianuam
607 2529 787 2601 obde,
827 2528 1110 2603 nullaque
1144 2530 1243 2586 hic
1290 2528 1495 2604 palam
1534 2527 1666 2584 iace

210 2612 528 2671 Lamenta.
573 2614 749 2671 valde
789 2622 884 2672 est
919 2615 1163 2672 fletuum
1206 2613 1423 2671 mulier
1469 2612 1706 2670 lubens.
2041 2615 2146 2668 580

212 2698 402 2774 Operi
444 2699 655 2771 forem,
702 2700 964 2773 inquam.
1007 2700 1170 2764 haud
1212 2700 1368 2758 bene
1407 2697 1655 2755 medens
1682 2716 1751 2756 se
1778 2696 2044 2773 postulat

214 2781 474 2843 Carmen
522 2784 788 2842 secando
835 2785 1071 2842 vulneri
1112 2785 1553 2842 incantassere.

213 2866 321 2926 Ch.
402 2868 871 2945 Properantiam
914 2870 1096 2929 istam
1138 2869 1459 2927 inaudiens
1505 2868 1691 2925 metui
1730 2868 1906 2925 male.

211 2951 342 3012 Nec
386 2973 484 3011 me
521 2962 807 3029 asperata
851 2954 1058 3032 lingua
1102 2955 1364 3012 delectat
1399 2962 1534 3012 tua-

213 3038 351 3097 Tec.
395 3037 577 3110 Quod
619 3039 803 3111 istud,
849 3040 1030 3112 Aiax,
1080 3047 1281 3097 merite
1323 3039 1552 3096 moliris
1594 3036 1859 3094 malum}>
1950 3075 1955 3080 -
2041 3037 2145 3091 585

213 3124 305 3184 Ai.
394 3123 496 3182 Ne
540 3143 635 3181 me
682 3125 978 3201 rogassis.
1023 3124 1274 3199 pulchra
1318 3142 1417 3182 res
1464 3122 1759 3181 modestia
1806 3127 1918 3180 est.
2001 3128 2004 3131 ⁴

214 3207 352 3278 Teo,
400 3208 599 3283 Quam
645 3210 882 3285 pendeo
927 3210 1146 3268 animi!
1191 3208 1314 3270 Sed
1358 3227 1468 3285 per
1506 3226 1615 3283 ego
1656 3214 1714 3263 te
1757 3204 2010 3280 liberOS,

213 3293 289 3351 Et
325 3313 438 3370 per
476 3292 647 3353 Deos
698 3296 992 3367 obtestor,
1034 3294 1197 3351 haud
1239 3312 1355 3352 nos
1397 3290 1658 3368 produis.

213 3379 305 3436 Ai.
398 3378 536 3436 Vah
582 3379 786 3437 enicas
832 3399 947 3452 me,
992 3379 1237 3437 mulier:
1283 3398 1362 3435 an
1408 3376 1633 3447 nescis,
1678 3375 1832 3435 Deis

214 3461 454 3521 Debere
500 3464 730 3521 nullum
775 3464 896 3522 iam
938 3484 1034 3522 me
1078 3466 1360 3522 honorem
1408 3461 1786 3520 obnoxium?
2038 3465 2143 3519 590

214 3546 353 3607 Tec.
411 3548 581 3607 Bene
612 3550 897 3608 ominare.
1069 3549 1167 3609 Ai.
1219 3549 1427 3608 Affare
1454 3545 2037 3690 qggsstpersuadeas.
