2452 4186
1134 293 1350 385 *0316

1222 379 1434 386 ——-———

376 457 478 519 Se.
568 457 729 532 Quid
768 461 948 537 ergo?

295 609 298 612 ⁴
376 542 479 604 Se.
565 545 757 602 Latus
801 546 1130 604 occidentis
1177 566 1360 605 omne
1408 547 1861 625 vestigavimus.

376 627 478 688 Se.
566 630 901 689 Habesne?

376 712 478 773 Se.
565 714 821 772 Multum
861 715 1115 774 laboris:
1155 716 1304 773 nihil
1349 717 1497 775 mihi
1542 718 1701 776 ultra
1745 737 1812 778 se
1855 719 2096 777 obtulit.

376 797 479 858 Se.
565 799 722 871 Nec,
758 800 997 877 uspiam
1043 800 1246 877 ipsam
1293 803 1446 861 solis
1493 804 1764 863 Orientis
1807 804 2060 881 plagam

364 884 592 943 Existit
629 885 790 943 ullus
834 887 949 943 rite
1025 885 1128 961 qui
1172 896 1479 946 monstret
1524 889 1687 946 mihi.

1001 973 1054 1028 1.
1099 970 1360 1047 Stropha
1405 974 1601 1033 XIII.

378 1052 488 1112 Ch.
581 1048 735 1128 Quis
781 1074 948 1132 ergo,
997 1056 1131 1129 quis
1164 1056 1349 1129 mihi,

377 1136 528 1211 Quis
575 1139 878 1197 hominum
923 1140 1207 1216 vigilibus

377 1224 536 1281 Mari
579 1224 848 1300 speculis
889 1226 1134 1300 sedens,

378 1306 798 1386 Caelivagisve
835 1311 952 1370 viis

380 1391 604 1452 Solens
649 1414 805 1470 quae
842 1396 1003 1468 Dea,

376 1478 836 1539 Fluminibusve
878 1481 1102 1539 freten·

379 1564 578 1623 -sibus
623 1565 817 1622 ferum
858 1567 1050 1624 virum
1095 1565 1237 1623 inde

379 1647 586 1708 Sicubi
630 1650 778 1707 vidit
820 1670 930 1727 pa-

378 1733 654 1806 -lantem,
703 1736 808 1792 ubi
847 1743 961 1808 est,
1004 1735 1255 1794 nuntiet.

379 1817 579 1877 Grave
626 1819 808 1877 fuerit
853 1820 1036 1892 enim,
1083 1820 1149 1878 si·

375 1903 532 1962 Post
569 1912 654 1961 tot
692 1905 936 1964 labores
985 1923 1168 1981 vagos

377 1986 576 2047 Cursu
621 2008 747 2046 non
792 1989 963 2064 potui
1008 1989 1277 2063 assequi.

375 2076 492 2132 Ast
526 2093 622 2131 me
671 2074 978 2133 hominem
1020 2074 1407 2147 imbecillem,
1455 2074 1556 2133 ubi
1604 2082 1702 2132 est
1739 2093 1864 2133 non
1910 2092 2182 2133 cernere.

357 2158 522 2216 Tec.
587 2158 725 2218 Heu
771 2179 890 2232 me,
935 2161 1052 2218 heu
1097 2163 1224 2218 me!
1486 2211 1488 2217 A

378 2242 489 2302 Ch.
577 2244 719 2303 Heu
761 2246 949 2321 quoia
993 2264 1118 2304 vox
1161 2245 1313 2302 haec
1338 2264 1636 2321 proxume
1671 2264 1704 2302 e
1730 2264 1981 2317 nemore
2027 2245 2218 2304 exiit?

378 2329 524 2387 Tec.
580 2330 864 2390 Heurme
909 2332 1224 2389 miseram!

380 2414 490 2475 Ch.
581 2414 889 2491 Sponsam
932 2415 1235 2475 misellam
1277 2415 1499 2473 bellica
1543 2423 1783 2491 captam
1832 2434 2017 2473 manu

239 2497 344 2551 895
379 2500 575 2559 Video
623 2500 1016 2561 Tecmessam
1056 2502 1309 2578 paribus
1347 2500 1594 2558 affinem
1628 2499 1827 2559 malis.

379 2585 525 2646 Tec.
581 2586 770 2658 Perii,
792 2587 1012 2657 occidi3
1040 2595 1239 2644 actum
1270 2595 1389 2644 est:
1414 2586 1559 2657 vita,
1588 2585 1787 2656 amici,
1816 2593 2034 2642 exacta
2058 2604 2211 2645 sum.

380 2668 490 2728 Ch.
581 2670 744 2746 Quid
769 2680 864 2731 est
883 2673 1067 2730 novi?
1107 2672 1251 2729 Tec.
1276 2671 1439 2728 Aiax
1463 2670 1648 2728 caede
1674 2670 1988 2729 confectus
2028 2689 2212 2741 nova,

378 2755 548 2812 Iacet
590 2765 872 2815 cruentus
923 2775 1069 2816 ense
1107 2756 1329 2814 furtivo
1373 2756 1690 2815 incubans.

1060 2844 1116 2899 ⁶2.
1159 2841 1419 2917 Stropha
1470 2840 1537 2899 V.

382 2924 493 2983 Ch.
557 2924 654 2983 De
690 2926 887 2984 reditu
925 2934 1125 2984 actum
1169 2935 1264 2985 est
1292 2927 1392 2983 mi.

378 3010 678 3069 Interficis
726 3011 909 3070 istum

379 3095 578 3154 Tuum
627 3097 916 3168 sodalem,
957 3096 1225 3173 inquam,

380 3180 565 3251 Aiax,
609 3202 644 3239 o
688 3182 893 3254 miser,

385 3265 440 3324 Ο
486 3266 673 3323 miser
715 3266 960 3324 femina.

381 3349 527 3409 Tec.
583 3350 668 3409 Ut
707 3352 851 3428 ipsa
882 3372 980 3412 res
1027 3362 1121 3413 est
1164 3361 1330 3425 nata,
1383 3373 1540 3413 nunc
1582 3373 1824 3431 gemere
1875 3355 2149 3414 addecet.

382 3434 492 3495 Ch.
582 3434 705 3497 Sed
744 3427 932 3512 quoia‘
971 3439 1048 3496 ad
1085 3440 1241 3497 hanc
1280 3459 1406 3497 rem
1439 3449 1533 3500 est
1559 3458 1708 3498 usus
1744 3439 1961 3500 infelix
1990 3438 2213 3498 manu?

382 3521 527 3579 Tec.
587 3519 715 3582 Sua
749 3521 884 3598 ipse
924 3524 1156 3596 dextra,
1188 3533 1254 3582 ut
1282 3525 1826 3600 res·docet...rquod
1866 3533 1927 3583 et
1970 3525 2209 3600 quidem
