2452 4186
1226 325 1350 383 3⁰28

388 494 440 551 E
485 493 674 569 stirpe
714 493 1183 553 Laomedontis:
1216 492 1630 569 eximiamque
1677 495 1734 551 ei

389 576 631 636 Praeda
674 577 815 635 olim
859 579 936 636 ab
981 579 1146 636 omni
1188 579 1528 636 muneravit
1556 579 1898 639 Hercules?

389 664 555 740 Ergo
600 671 899 738 optumus,
940 663 1170 722 duobus
1207 664 1614 739 optumatibus

240 745 374 798 1305
395 747 578 809 Satus
625 749 963 807 dehonesto
1006 749 1248 826 generis
1293 757 1572 807 auctores
1618 750 1757 822 mei,

393 834 568 909 Quos
613 834 978 908 insepultos,
1028 834 1089 891 in
1128 835 1443 893 laboribus
1493 835 1644 892 sitos

392 919 562 991 Istis,
604 918 880 994 repellis:
930 937 1043 976 nec
1085 919 1275 995 pudet
1318 919 1691 977 iactantiae?

393 1002 517 1063 Sed
560 1011 760 1062 certus
809 1011 965 1075 esto,
1012 1004 1065 1061 si
1106 1004 1301 1062 virum
1350 993 1872 1081 hunc'repellitiS,

397 1088 664 1148 Omnino
710 1107 819 1146 nos
858 1095 980 1146 tres
1025 1097 1085 1146 et
1125 1089 1307 1147 simul
1351 1088 1665 1164 repellitis.

240 1171 378 1225 1310
395 1173 559 1231 Nam
596 1193 709 1249 pro
754 1174 870 1232 hoc
912 1174 1060 1231 mihi
1098 1175 1487 1249 periclitanti,
1532 1173 1799 1232 nobilem

395 1259 708 1336 Oppetere
754 1266 1010 1317 mortem
1054 1260 1274 1318 melius
1326 1267 1441 1331 est,
1482 1278 1661 1334 quam
1699 1278 1809 1335 pro
1854 1266 1960 1315 tua

392 1345 640 1404 Uxore:
686 1364 865 1419 quam
906 1365 1015 1421 pro
1059 1346 1247 1402 fratre
1291 1363 1582 1422 germano
1625 1351 1753 1401 tuo·

393 1430 492 1488 Ad
533 1429 674 1503 ista,
718 1449 862 1487 cura
896 1450 1015 1487 non
1061 1450 1258 1487 meam
1302 1449 1450 1502 rem,
1495 1429 1605 1487 sed
1649 1436 1832 1485 tuam.

396 1513 465 1574 Si
510 1515 688 1573 ndxis
742 1515 946 1589 aliqua
989 1534 1055 1572 re
1101 1516 1270 1587 mibi,
1313 1515 1767 1591 ignavissumus

245 1595 689 1659 1315Fortasse
732 1599 909 1656 malis
958 1618 1120 1672 esse,
1170 1620 1348 1675 quam
1395 1599 1876 1657 audacissumus.

397 1683 507 1743 Ch.
578 1686 840 1757 Adesse,
883 1684 1133 1761 Ulysse,
1174 1694 1234 1742 te
1275 1693 1487 1762 putato
1523 1685 1801 1760 temperi,

397 1768 541 1828 Nisi
583 1771 697 1829 hos
741 1770 915 1832 nevis
962 1770 1268 1843 dirimere,
1319 1771 1423 1828 sed
1466 1770 1859 1827 committere.

398 1854 498 1914 Ul.
587 1853 745 1928 Quid
791 1862 906 1926 est,
946 1856 1171 1913 amici?
1218 1875 1345 1914 vox
1394 1855 1741 1916 Atridarum
1790 1854 2002 1929 procul

399 1937 598 2015 Super
638 1942 757 1998 hoc
797 1940 1039 1997 valente
1086 1950 1327 1999 mortuo
1372 1941 1520 1998 mihi
1555 1939 1791 1997 accidit.

246 2022 382 2078 1320
400 2028 555 2103 Aga.
637 2027 736 2082 An
783 2044 929 2097 non,
976 2025 1225 2101 Ulysse,
1270 2027 1458 2084 verba
1501 2025 1661 2082 dictu
1698 2023 1970 2096 infamia,

398 2112 479 2169 Et
516 2111 740 2185 probra
784 2111 859 2166 ab
900 2110 1021 2168 isto
1069 2131 1262 2186 nuper
1305 2110 1770 2169 exaudivimus?

399 2196 498 2255 Ul.
552 2194 726 2270 Quae
750 2195 1018 2271 probra?
1038 2196 1275 2271 culpam
1301 2197 1463 2254 haud
1489 2203 1836 2267 commoret,
1870 2213 1968 2250 me
1995 2194 2219 2263 iudice,

399 2279 469 2341 Si
512 2281 646 2355 quis
691 2279 851 2337 male
893 2280 1213 2354 audiendo,
1259 2282 1593 2358 respondet
1628 2281 1804 2338 male.

403 2369 558 2443 Aga.
648 2366 812 2423 Male
849 2366 1069 2423 audiit:
1118 2386 1381 2442 namque
1427 2367 1532 2424 ille
1571 2386 1668 2423 me
1712 2364 1917 2422 affecit
1953 2363 2137 2421 male.

248 2451 502 2510 1325U1.
646 2451 870 2509 Affecit
913 2452 1150 2523 adeon',
1195 2461 1262 2509 ut
1306 2452 1415 2510 tibi
1456 2452 1573 2510 siet
1608 2450 1809 2508 male?

400 2540 555 2613 Aga.
642 2535 806 2593 Nam
838 2537 941 2610 qui
985 2537 1353 2612 insepultum
1401 2556 1466 2595 se
1497 2537 1613 2594 hoc
1648 2537 2017 2594 omissurum
2038 2541 2220 2611 neget

403 2619 700 2694 Cadaver,
747 2629 812 2678 ut
855 2642 979 2679 non
1022 2622 1278 2679 tumulet
1317 2623 1555 2680 iniussu
1602 2640 1759 2680 meo.

401 2707 502 2766 Ul.
591 2707 844 2764 Licetne
888 2708 1084 2765 amico
1132 2707 1414 2784 proloqui
1454 2726 1659 2763 verum
1702 2706 1809 2763 tibi

403 2792 540 2849 Tua
583 2792 745 2849 haud
783 2793 1041 2865 minore,
1083 2812 1262 2868 quam
1304 2792 1497 2868 prius,
1543 2810 1676 2848 cum
1721 2789 1963 2868 gratia?

250 2879 385 2934 1330
402 2879 556 2953 Aga.
634 2877 827 2934 Licet.
869 2896 1010 2934 nam
1056 2886 1116 2934 et
1164 2886 1330 2936 esset
1376 2877 1717 2951 caeteroqui
1750 2875 2073 2932 iniurium:

403 2960 807 3039 Praecipuum
861 2963 1117 3020 amicum
1160 2981 1294 3020 cum
1341 2971 1400 3019 te
1447 2963 1509 3019 in
1554 2961 1797 3038 Argivis
1844 2966 2072 3034 putem.

399 3046 501 3106 Ul.
588 3047 768 3106 Audi.
811 3067 918 3122 per
956 3067 1068 3125 ego
1114 3056 1176 3104 te
1214 3047 1487 3118 caelites,
1539 3066 1613 3104 ne
1654 3045 1868 3122 proiici

401 3132 614 3190 Virum
657 3132 1031 3209 insepultum
1070 3134 1230 3189 hunc
1276 3132 1415 3191 siris
1457 3131 1910 3189 inclementius:

401 3216 538 3275 Nec
582 3238 656 3277 eo
700 3236 894 3292 usque
937 3227 995 3275 te
1043 3218 1168 3275 odii
1207 3219 1507 3294 provehat
1541 3216 1808 3287 licentia,

253 3314 385 3369 1335
402 3302 489 3360 Ut
534 3322 714 3361 omne
755 3303 969 3377 iusque
1014 3303 1231 3377 fasque
1278 3302 1641 3379 prosubigas
1690 3301 1862 3376 pede.

403 3387 559 3446 Mihi
600 3388 867 3446 omnium
910 3388 1015 3445 ille
1053 3407 1342 3464 pessume
1379 3387 1658 3446 infensus
1703 3386 1836 3456 fuit,

404 3474 502 3531 Ex
542 3491 657 3547 quo
701 3492 870 3530 arma
913 3473 1138 3531 Achilli
1179 3474 1289 3530 lite
1335 3481 1548 3531 nostra
1590 3471 1900 3530 evicimus.

407 3555 528 3617 Sed
572 3566 775 3615 tamen
822 3575 935 3633 ego
976 3557 1147 3614 illum
1190 3565 1313 3615 tam
1372 3558 1532 3615 male
1571 3557 1901 3614 animatum
1946 3555 2094 3612 mihi
