2452 4186
1141 311 1258 372 155

289 471 553 538 Οἴκοθεν
604 477 638 537 ὁ
689 476 933 558 μάρτυς.
987 470 1118 539 Οὐκ
1160 474 1306 539 ἄνευ
1356 496 1425 556 γε
1470 473 1745 557 Θησέως.

273 554 541 642 ’Όμνυσι
581 558 855 642 Λάμπων
897 563 1079 643 χῆνα.
1127 557 1482 632 Παιζόντων
1530 558 1727 627 πόλις.
1877 638 1880 641 ¹

275 639 463 710 Ὄνος
512 642 575 705 ἐν
627 644 947 726 μελίτταις.
997 640 1127 707 Οὐκ
1175 644 1321 707 ἄνευ
1368 642 1598 728 χρόνου
1648 645 1843 726 φίλος.

282 725 464 796 Ὄνος
508 727 570 789 ἐν
617 728 921 810 πιθήκοις.
961 726 1126 811 Πρὸς
1173 729 1331 797 ἅλας
1365 729 1809 813 ἠγορασμένος.

276 808 462 879 Ὄνος
498 812 651 895 πρὸς
690 811 900 874 αὐλόν.
947 810 1200 897 Μικρὸς,
1243 814 1456 896 ἡλίκος
1496 810 1751 876 Μόλων.

278 892 514 981 Ὀρθὴν
564 897 851 980 βαδίζεις.
894 895 974 959 ‘H
1016 899 1261 981 κορώνη
1306 898 1565 960 Δαυλία.

278 976 541 1043 Ὀστοῦν
585 978 781 1043 ἔνεστι
821 987 910 1066 τῷ
951 980 1136 1064 λόγῳ.
1173 981 1406 1065 Γοργὸν
1463 981 1695 1066 βλέπει.

287 1062 442 1131 Οὐδ’
478 1065 540 1127 ἐν
589 1065 846 1134 σελίνοις
893 1066 1036 1129 ἐστι’.
1073 1063 1245 1134 Βοῦς
1281 1063 1641 1135 Μολόττιος.

287 1147 377 1214 Οὐ
424 1150 588 1217 νυκτὶ
630 1153 878 1218 πλώεις.
915 1145 991 1213 ‘O
1033 1150 1310 1234 πόλεμος
1353 1152 1594 1214 πάντων
1638 1153 1858 1235 πατήρ.

287 1233 440 1299 Οὐδ’
485 1232 653 1318 ὄναρ.
688 1231 765 1297 ‘O
810 1232 1130 1303 δασύπους
1166 1238 1269 1298 τὸν
1311 1235 1451 1318 περὶ
1494 1240 1688 1317 κρεῶν
1734 1236 1960 1323 τρέχει.

287 1316 379 1384 Οὔ
423 1315 601 1394 Χῖος,
647 1319 810 1382 ἀλλὰ
852 1316 1055 1387 Κῶος.
1101 1318 1413 1401 Αἰγύπτου
1457 1321 1669 1401 γάμος.

289 1400 421 1467 Οὔκ
467 1403 565 1464 ἐπὶ
604 1400 948 1486 Χαριξένης
992 1405 1125 1466 τάδ’
1156 1402 1328 1466 ἔστ’.
1373 1401 1527 1471 Αἴας
1572 1406 1741 1487 γελᾷ.

214 1554 217 1557 ,
286 1485 418 1551 Οὐκ
464 1484 640 1569 ἔργον
691 1488 894 1571 ἕδρας.
933 1486 1360 1572 Ἀποτράγημ’
1404 1488 1745 1556 ἀλώπεκος.

287 1568 418 1635 Οὐκ
458 1570 575 1633 οἷδ’
619 1571 650 1634 δ
689 1574 964 1655 κρώζεις.
1009 1570 1115 1655 Μὴ
1162 1571 1356 1656 βάδιζ’
1409 1570 1553 1633 ἄνευ
1601 1571 1808 1641 ξύλου.

279 1653 533 1740 Ὀχλεῖς
579 1656 773 1738 μάτην
822 1679 898 1738 με
943 1656 1090 1740 κῦμ’
1139 1658 1326 1725 ὅπως.
1360 1654 1579 1740 ’Έχεις
1618 1659 1833 1738 γαλῆν.

283 1739 443 1807 Παῖς
478 1741 658 1824 πατρὶ
701 1740 886 1824 λύπη.
935 1740 1178 1825 Πρᾶγμ’
1229 1743 1582 1823 ἀναγκαῖον,
1627 1742 1835 1805 κακόν.

282 1823 666 1909 Παρεύρεσις
713 1824 1004 1908 Θράκεια.
1051 1826 1313 1911 Λέσβιος
1352 1825 1589 1910 πρύλις.
1788 1828 2038 1911 [θρᾳκία
2058 1832 2113 1907 Ρ]

283 1909 532 1992 Πάρνου
582 1910 832 1993 σκάφος.
877 1907 1205 1993 Κρότωνος
1245 1910 1611 1994 ὑγιέστερος.

281 1992 572 2076 Πάσητος
614 1994 990 2078 ἣμιώβολος.
1036 1994 1238 2077 Σκύτη
1328 1993 1520 2064 λέπει.

280 2076 480 2163 Πηλῷ
524 2078 841 2160 καθαίρεις
882 2079 1098 2164 πηλόν.
1128 2077 1246 2147 ’Ὗς
1345 2080 1580 2143 οιωτία.

280 2161 628 2232 Πλεύσειας
674 2165 762 2231 εἰς
806 2160 1129 2247 Τροιζῆνα.
1175 2163 1461 2247 Πέμματ’
1502 2165 1764 2228 Ἀττικά.

283 2247 456 2331 Πλὴν
505 2246 692 2315 εἴτις
735 2247 897 2330 ὄρνις
940 2249 1105 2312 οἶδεν
1151 2253 1334 2332 ἡμᾶς.
1355 2247 1471 2312 “Εν
1517 2251 1671 2334 πρὸς
1711 2249 1796 2312 ἓν.

280 2331 572 2414 Πόλεμος
614 2331 901 2415 ἄδακρυς.
932 2330 1020 2395 Ἢ
1065 2336 1190 2418 τρὶς
1235 2334 1321 2407 ἓξ,
1358 2334 1397 2414 ἢ
1442 2335 1565 2416 τρὶς
1607 2333 1807 2417 κύβοι.

278 2413 508 2500 Πόρρω
557 2415 703 2484 Διός
750 2440 815 2478 τε
855 2418 958 2480 καὶ
1000 2422 1327 2501 κεραυνοῦ.
1369 2416 1553 2501 Μηδὲ
1591 2422 1724 2501 γρῦ.

279 2499 483 2569 Πότος
526 2502 803 2568 Λυκεῖος.
842 2500 1130 2572 Ἀκεσίας
1175 2504 1410 2565 ἰάσατο.

277 2582 431 2669 Πρὶν
475 2585 514 2668 ἢ
563 2586 770 2647 πτίσαι
805 2585 1097 2671 τᾶλευρα.
1145 2585 1266 2650 Τὸν
1317 2587 1555 2671 φαλλὸν
1597 2585 1750 2670 θεῷ.

276 2666 659 2755 Προβάτειον
702 2670 877 2753 ἦθος.
916 2669 1228 2757 Ἀρκάδας
1274 2670 1673 2754 μιμούμενος.

276 2750 447 2837 Πρὸς
486 2751 790 2836 Κώρυκον
831 2755 1240 2839 γυμνάζομαι.
1289 2754 1489 2823 Λόκος
1530 2757 1761 2840 χανών.

274 2834 784 2923 Προσεγκαλοῦσ’
839 2840 899 2900 οἱ
941 2847 1164 2924 φῶρες.
1209 2841 1412 2922 Αἰγῶν
1459 2840 1753 2923 ὀνόματα.

274 2919 678 3007 Προσέληνος
705 2923 948 3006 Ἀρκάς.
1007 2925 1351 3009 Ἀκρότητα
1396 2924 1703 3009 κύμβαλα.

272 3005 689 3092 Πτωχότερος
722 3006 906 3091 Ἴρου.
952 3006 1118 3092 Πρὸς
1165 3010 1295 3073 δύω
1343 3008 1407 3072 δ’
1453 3010 1592 3072 οὐδ’
1627 3006 1960 3093 ςΗρακλῆς.

272 3090 453 3176 Πογὴ
495 3092 798 3174 γυναικός.
837 3088 913 3157 ζΟ
960 3094 1063 3156 διὰ
1110 3094 1437 3177 φρατόρων
1477 3094 1663 3157 κύων.

274 3175 575 3260 Πώγωνα
619 3178 861 3240 τίλλειν.
905 3175 1046 3241 Ἐπὶ
1086 3177 1250 3262 θύρᾳ
1293 3180 1400 3263 τὴν
1448 3178 1680 3261 ὑδρίαν.

272 3258 626 3344 Σαλαμινία
671 3266 835 3330 ναῦς.
881 3260 1090 3325 Πάντα
1130 3263 1308 3325 κοινὰ
1350 3269 1469 3325 τῶν
1516 3263 1734 3346 φίλων.

274 3342 512 3430 Σάμιος
548 3347 838 3428 κομήτης.
884 3343 1173 3416 Τενέδιος
1219 3349 1573 3431 συνήγορος.

274 3426 533 3498 Σικελὸς
575 3431 919 3497 θάλασσαν.
965 3429 1073 3501 Εἰς
1109 3434 1293 3499 κυνὸς
1336 3431 1531 3514 πυγὴν
1580 3430 1715 3515 ὅρα.

274 3510 567 3579 Σκυθιστὶ
614 3513 790 3576 πίνει.
834 3515 956 3599 Γῆν
1004 3519 1122 3601 πρὸ
1167 3521 1281 3600 γῆς
1319 3515 1661 3579 ἐλαύνεται.
