2452 4186
1202 312 1327 371 262

437 481 493 537 A
531 479 830 538 desiderio
867 480 1094 538 functio
1132 481 1301 539 nulla
1342 487 1566 557 potest.

435 649 596 726 Ergo
641 658 745 708 tuo
788 650 991 709 nullus
1035 660 1282 726 pectore
1316 652 1509 709 fervet
1546 653 1757 709 Amor.

352 731 564 806 Qualis
608 737 823 808 Amor,
861 736 915 793 si
958 754 1064 794 vos
1111 737 1307 795 undae
1358 735 1703 794 discrimine
1743 755 1935 811 parvo

434 818 707 878 Distinet
743 840 781 877 a
815 827 1019 879 vestra
1060 822 1294 899 virgine
1340 829 1502 878 terra
1541 820 1799 896 procul?

349 904 512 963 Dum
554 913 738 977 natat,
782 907 1069 979 ostendit,
1115 924 1268 981 quae
1294 906 1411 978 viS,
1434 904 1734 978 Leander,
1761 925 2035 963 amorum
2061 914 2184 980 est,

432 988 738 1048 Nocturni
782 990 1121 1066 impavidus
1166 1010 1433 1048 murmur
1474 990 1549 1046 ad
1593 1009 1772 1047 omne
1813 991 1975 1048 freti.

351 1073 510 1148 Quin
557 1075 778 1134 adsunt
815 1075 947 1148 tibi,
976 1076 1208 1147 Amice,
1237 1082 1418 1134 rates.
1463 1075 1657 1151 Magis
1702 1094 1842 1152 ergo
1864 1076 2184 1135 Minervae

433 1159 728 1237 Invigilas
773 1161 1013 1232 studiis,
1058 1169 1119 1218 et
1156 1161 1364 1219 Venus
1407 1159 1548 1234 ipsa
1588 1159 1764 1217 iacet.

348 1243 559 1304 Pallas
597 1246 748 1317 iura,
795 1246 905 1304 sed
947 1246 1200 1304 affectus
1236 1246 1446 1304 Venus
1494 1244 1744 1304 obtinet.
1781 1244 1919 1304 Una

434 1329 694 1403 Palladi,
739 1330 835 1388 dic
877 1331 1047 1402 mihi,
1089 1331 1224 1406 quis
1266 1329 1512 1403 serviat,
1559 1338 1620 1387 et
1653 1330 1922 1387 Veneri?

354 1497 555 1579 C(⁷8)ss
938 1494 1218 1564 Ἠιθέοις
1269 1494 1382 1557 οὐκ
1425 1493 1570 1557 ἔστα

348 1582 495 1641 Non
544 1590 748 1641 tantos
795 1584 1019 1658 patitur
1060 1585 1343 1641 iuvenum
1385 1592 1599 1641 natura
1640 1582 1904 1656 labores,

436 1667 714 1742 Quantos
760 1668 1040 1727 imbelles
1086 1688 1225 1740 nos,
1273 1668 1566 1726 muliebre
1606 1686 1802 1726 secus.

348 1752 655 1826 Aequales
700 1752 823 1812 illis
868 1754 1110 1825 adsunt,
1157 1772 1454 1827 curaeque
1499 1753 1744 1811 dolores

434 1837 743 1912 Intrepida
789 1839 970 1897 sociis
1011 1839 1280 1915 pandere
1329 1857 1490 1896 voce
1515 1838 1674 1895 licet.

347 1918 484 1979 Nec
523 1923 762 1995 desunt,
810 1932 1072 1981 mentem
1116 1943 1269 1998 quae
1307 1931 1583 1999 pascant,
1628 1922 1892 1979 ludicra.
1929 1922 2096 2021 vicos

437 2003 899 2065 concelebrant:
940 2009 1205 2066 animum
1248 2008 1411 2084 picta
1459 2007 1687 2066 tabella
1726 2007 1903 2082 capit.

347 2089 550 2150 Nobis
597 2110 709 2149 nec
751 2092 844 2150 fas
894 2102 989 2151 est
1032 2093 1192 2151 coeli
1236 2112 1508 2151 convexa
1550 2093 1725 2151 tueri.

433 2177 715 2235 Inclusas
764 2177 921 2236 curis
967 2178 1074 2236 sed
1116 2179 1333 2236 domus
1372 2187 1500 2235 atra
1544 2178 1765 2253 coquit.

352 2344 542 2419 569)
907 2339 1120 2424 Μηδὲν
1172 2341 1347 2424 ἄγαν,
1402 2345 1612 2428 σοφὸς.

346 2428 672 2488 Prudentis
718 2430 932 2489 scitum
966 2440 1081 2501 est,
1125 2429 1225 2489 Ne
1259 2430 1402 2507 quid
1432 2433 1645 2503 nimis;
1685 2433 1803 2490 Ast
1829 2449 1943 2507 ego
1973 2429 2184 2488 fastus

431 2516 776 2589 Indueram,
819 2516 994 2592 quasi
1040 2517 1154 2588 sal,
1198 2525 1303 2574 aut
1336 2517 1482 2574 mihi
1523 2518 1722 2576 forma
1754 2516 1925 2573 foret.

348 2598 735 2659 Credideram
779 2601 980 2673 unius,
1027 2620 1224 2676 neque
1271 2621 1344 2659 ea
1370 2611 1463 2661 est
1500 2603 1633 2660 sine
1667 2600 1899 2671 fraude,
1925 2597 2184 2675 puellae

430 2685 652 2744 Totam
695 2687 956 2743 animam
1009 2688 1072 2744 in
1116 2688 1394 2746 manibus
1444 2705 1684 2763 semper
1726 2686 1948 2744 habere
1991 2682 2181 2741 meis.

346 2771 539 2843 Haec,
586 2771 762 2846 quasi
804 2771 1111 2847 poeniteat
1153 2791 1413 2844 morum,
1460 2773 1736 2847 vitaeque
1779 2767 2026 2848 prioris,

429 2857 695 2913 Intumet
737 2856 891 2914 elato
934 2875 1093 2914 vana
1136 2858 1474 2932 supercilio.

346 2940 448 3002 Sic
489 2942 658 3018 prius
689 2940 793 2997 ille
834 2942 1036 3013 ferox,
1080 2941 1186 2998 ille
1228 2961 1467 3015 aereuS,
1511 2943 1617 3000 ille
1656 2962 1771 3019 ego
1821 2938 1988 2998 tarde

434 3024 752 3097 Credulus,
799 3044 870 3082 ac
913 3035 1169 3104 tangens
1215 3036 1402 3099 astra,
1444 3035 1697 3105 repente
1740 3046 1866 3084 ruo·

342 3109 504 3169 Nam
543 3119 781 3169 vertere
823 3110 1026 3169 vices:
1077 3119 1137 3169 et
1176 3113 1440 3189 supplex
1484 3114 1714 3171 clamo:
1756 3110 2071 3170 Nocentes

429 3197 666 3254 Aetatis
713 3195 860 3254 vitio
902 3195 1110 3274 (parce
1149 3197 1394 3274 Puella)
1436 3216 1664 3257 sumus.

347 3365 537 3440 ζ(81)
860 3360 1052 3444 Ποίην
1094 3363 1179 3430 τὶς
1218 3365 1371 3445 πρὸς
1409 3360 1661 3444 ἔρωτας.

344 3448 656 3524 Quodnam
700 3449 815 3507 iter
857 3449 1105 3510 insistas
1149 3451 1212 3508 in
1257 3450 1609 3509 amoribus?
1656 3450 1815 3509 Ecce
1853 3455 2099 3525 petaces

428 3535 496 3593 In
543 3534 739 3593 triviis
781 3535 961 3593 luxus
1011 3556 1133 3594 non
1176 3536 1407 3612 patiere
1453 3535 1652 3612 lupae.
