2452 4186
1238 305 1449 398 334„-

254 475 353 528 100
385 480 577 537 Pinus
622 487 866 534 tenaces
911 474 1127 532 lubrici
1166 475 1377 533 dentes
1417 474 1579 544 freti,

388 562 664 623 Classem
706 560 1016 636 expedibis
1064 561 1400 619 novitatem
1442 580 1478 617 a
1524 560 1886 632 iactatibus,

384 650 465 708 Et
500 657 563 706 tu
607 648 849 705 virosae
886 644 1117 721 praedo
1160 645 1375 703 iunicis
1423 645 1603 721 lupus

387 735 591 793 Orbae
639 733 888 792 duarum
922 730 1045 786 iam
1094 730 1507 790 columbarum
1546 729 1700 805 pari,

387 818 601 878 Cassis
648 816 1005 893 peregrinae
1049 816 1112 872 in
1162 817 1487 874 secundam
1532 815 1879 891 indaginem

254 904 354 959 105
389 904 566 963 Ultro
610 901 932 959 incidentis
975 902 1222 975 aucupis
1276 921 1513 976 pennae
1555 900 1716 972 dolo,

386 989 625 1064 Dapem
672 986 1080 1044 ambidentum
1125 1005 1317 1061 nuper
1357 986 1416 1043 in
1458 985 1760 1059 crepidine

385 1072 644 1132 Bacchis
685 1071 1006 1130 cremantis
1054 1078 1232 1145 atque
1276 1072 1452 1130 divae
1492 1072 1829 1141 Albuneae,

388 1157 610 1217 Curres
654 1175 839 1233 super
880 1154 1218 1215 Scandeam
1266 1165 1326 1213 et
1370 1175 1539 1215 arces
1584 1155 1807 1232 Aegili,

386 1244 659 1302 Venator
712 1261 851 1299 acer
886 1242 1114 1316 praeda
1159 1241 1363 1316 opima
1402 1242 1731 1319 ganniens:

257 1331 354 1385 110
388 1328 799 1404 Explensque
824 1346 1064 1385 amores
1110 1326 1519 1386 in.Draconis
1562 1326 1764 1384 insula

388 1417 600 1485 Actae,
641 1413 910 1470 biformis
955 1411 1098 1469 editi
1138 1420 1299 1469 terra
1342 1412 1581 1488 imperi,

388 1499 626 1556 Vanam
668 1497 929 1555 secundo
979 1517 1105 1555 non
1154 1497 1386 1556 videbis
1433 1498 1737 1567 Murtiam,

388 1583 685 1642 Ulnarum
726 1583 968 1639 inanem
1015 1583 1337 1654 sarcinam,
1386 1601 1537 1658 eque
1573 1581 1828 1640 somniis

387 1668 597 1725 Vacua
638 1676 837 1725 torum
883 1676 1216 1725 nocturnus
1262 1668 1594 1744 explorans
1640 1686 1841 1725 manu.

256 1760 355 1812 115
391 1753 552 1812 Nam
594 1761 653 1810 te
696 1752 1073 1829 Phlegraeae
1115 1752 1238 1808 iam
1290 1753 1538 1810 maritus
1588 1752 1862 1828 coniugis

390 1838 612 1896 Tristis
657 1837 955 1908 Torones,
1000 1836 1314 1895 abdicator
1354 1838 1583 1896 risuum

387 1924 468 1982 Et
506 1922 931 1993 lacrumarum,
972 1941 1233 1997 namque
1272 1924 1488 1994 nescit,
1536 1932 1595 1979 et
1638 1931 1799 1980 caret

389 2009 686 2082 Utroque,
731 2007 833 2080 qui
882 2007 1026 2065 olim
1073 2006 1401 2065 littoralem
1451 2027 1528 2065 ex
1568 2007 1828 2065 Thracia

388 2092 658 2153 Fecundi
699 2091 1024 2168 opimatam
1070 2091 1336 2151 Melonis
1378 2095 1657 2153 fluctibus

255 2183 356 2237 120
392 2178 655 2236 Humum
699 2186 1028 2253 penetrans
1067 2197 1192 2235 non
1234 2179 1406 2236 trabe
1454 2179 1726 2238 stlataria

390 2264 765 2340 Inhospitale
811 2263 920 2321 sed
959 2264 1094 2333 iter,
1135 2271 1201 2320 ut
1242 2263 1464 2321 cubilia

391 2349 620 2407 Terrae
667 2349 731 2405 in
776 2349 1109 2424 profundos
1152 2347 1324 2426 talpa
1368 2327 1736 2424 pertundens
1786 2367 2034 2426 specus,

392 2435 709 2510 Quaerens
758 2452 1038 2492 recessus
1086 2434 1147 2490 in
1195 2435 1471 2493 cavernis
1512 2453 1857 2509 aequorum,

391 2518 751 2594 Cavcnsque
797 2526 976 2578 natos
1021 2518 1368 2595 perduelles
1416 2519 1740 2595 hospitum,

255 2611 355 2665 125
391 2604 472 2662 Et
507 2604 838 2662 audiendas
885 2604 1238 2680 supplicans
1283 2605 1444 2681 patri
1478 2623 1692 2680 preces

385 2689 607 2747 Redux
649 2697 714 2746 ut
759 2690 873 2746 iret
920 2690 1198 2765 patriam,
1245 2690 1405 2748 unde
1452 2707 1751 2766 pervagus

387 2776 643 2832 Matrem
686 2774 996 2851 gigantum
1042 2775 1315 2832 adiverat
1356 2775 1725 2832 Palleniam:

388 2859 540 2917 Tete
585 2859 687 2916 ille
731 2858 981 2918 Guneus
1035 2870 1319 2934 quaestor
1359 2879 1546 2918 urnae
1591 2859 1870 2931 vindicio,

390 2943 641 3021 Sagacis
688 2945 1028 3019 arbiterque
1069 2942 1237 3005 Solis
1280 2945 1441 3002 filiae

255 3035 356 3089 130
390 3028 509 3088 His
549 3030 775 3106 nuptiis
816 3029 1081 3106 privabit
1117 3030 1373 3088 incilans
1417 3030 1681 3105 probriS,

386 3113 635 3173 Pellens
678 3116 754 3172 ab
798 3114 963 3173 om'ni
998 3114 1130 3172 iure
1179 3116 1470 3190 prosedae
1516 3114 1716 3191 lupae,

390 3198 508 3271 Qui
552 3219 664 3258 nec
709 3200 862 3276 Lyci
905 3199 1187 3276 sepulcra
1222 3220 1336 3258 nec
1382 3199 1723 3259 Chimaerei

390 3284 791 3343 Oraculorum
836 3304 985 3344 voce
1030 3294 1390 3344 venerantes
1434 3285 1678 3357 timeae,

388 3367 524 3427 Nec
564 3369 886 3429 illecebras
929 3371 1176 3443 Anthei,
1220 3391 1335 3429 nec
1378 3371 1687 3447 hospitum

257 3463 354 3518 135
389 3454 632 3531 Dapum
678 3455 972 3527 sodalem,
1013 3456 1203 3514 filium
1256 3456 1469 3528 Consi,
1510 3456 1723 3529 salem,

390 3539 590 3597 Deum
638 3539 829 3599 tulisti
871 3541 1175 3599 transilire
1220 3543 1519 3620 sagmina,
