2452 4186
1256 290 1375 349 110

719 460 815 518 16.
900 462 978 516 In
1027 461 1242 518 obitum
1286 460 1487 518 Luow
1530 460 1803 517 Trelcatii
1842 462 1914 517 F.

394 545 726 620 Postquam
764 551 858 603 tot
899 542 1127 603 Christi
1167 545 1448 617 famuIOS‚
1491 541 1577 602 tot
1617 544 1845 601 lumina
1887 544 2096 602 mundi

479 631 817 694 Funeribus
860 630 1071 687 densis
1119 630 1332 688 mersit
1374 631 1595 687 acerba
1639 629 1790 698 dies,

396 716 489 775 Te
532 735 770 789 quoque
812 714 1100 787 Trelcati,
1145 714 1346 772 media
1372 716 1641 772 ¹florente
1682 715 1929 771 iuventa

481 801 650 859 Mors
687 800 968 858 comitem
1012 800 1198 857 tantis
1247 799 1477 856 addidit
1521 807 1651 857 atra
1694 799 1863 870 viria,

392 886 487 945 Ut
520 886 687 962 pullo
731 884 1043 959 squallens
1088 885 1370 943 Ecclesia
1409 886 1579 941 fleret
1627 885 1866 956 amictu,

478 970 684 1028 Fleret
724 970 1023 1027 Athenaei
1068 977 1236 1027 muta
1279 969 1564 1027 cathedra
1602 970 1707 1027 tui.

396 1056 571 1122 Haec
617 1062 676 1112 te
726 1063 1058 1130 pastorem,
1107 1055 1414 1113 desiderat
1450 1054 1559 1111 illa
1593 1055 1966 1131 magistrum.

482 1139 751 1214 Utraque
798 1140 901 1197 dat
941 1140 1243 1197 lacrimas
1269 1141 1420 1198 orba
1468 1148 1718 1214 parente
1765 1157 1898 1197 suo,

397 1226 605 1285 Iustus
651 1226 884 1298 utrique
932 1225 1125 1283 dolor.
1169 1233 1234 1281 tu
1270 1233 1444 1301 parte
1489 1225 1725 1282 beatior
1766 1223 1886 1282 ista
1923 1242 2014 1294 ee,

484 1309 662 1383 Quod
708 1310 817 1367 tali
864 1310 1058 1385 potius
1094 1318 1371 1385 tempore
1412 1318 1621 1385 raptus
1661 1309 1816 1381 obiS,

398 1394 529 1469 Quo
568 1395 664 1453 fas
705 1411 882 1452 omne
908 1395 1082 1470 perit,
1120 1412 1240 1468 quo
1283 1415 1405 1453 non
1441 1413 1613 1451 amor
1642 1394 1801 1452 ullus
1832 1393 2077 1451 honesti
2108 1400 2235 1466 est,

481 1478 752 1554 Cumque
797 1498 909 1538 sua
945 1480 1137 1538 iustos
1182 1499 1342 1537 mors
1391 1480 1615 1555 pietate
1653 1478 1840 1535 metit.

395 1563 569 1637 Quod
604 1565 724 1622 nisi
770 1565 1026 1623 sublatis
1070 1564 1247 1621 iustis
1294 1573 1354 1621 te
1395 1565 1522 1621 fata
1564 1564 1872 1635 tulissent,

483 1648 753 1725 Tempus
802 1657 931 1705 erat
966 1649 1163 1706 iustos
1205 1656 1264 1705 te
1304 1649 1601 1706 moriente
1642 1649 1814 1706 mori.

634 1817 728 1874 17.
814 1820 892 1875 In
935 1818 1211 1875 'tumulum
1251 1819 1672 1893 qenerosissimi
1712 1818 2003 1874 Asseraci.

1112 1912 1264 1961 Uxor
1301 1914 1502 1961 marito.

397 1980 537 2041 Hoc
582 2002 696 2060 ego
743 1992 803 2039 te
849 1983 1089 2041 modico
1138 1984 1363 2041 coniux
1408 1993 1513 2042 tua
1550 1983 1673 2041 fida
1712 1982 1989 2059 sepulcro

485 2067 821 2145 Composui
862 2070 1203 2127 Asseracae
1250 2069 1366 2127 flos
1412 2076 1473 2128 et
1518 2068 1711 2128 ocelle
1752 2068 1982 2125 domus.

396 2152 531 2213 Nec
573 2160 827 2225 tantum,
874 2173 1010 2210 mea
1055 2172 1217 2226 cura,
1262 2163 1399 2212 tuos
1442 2155 1857 2232 componimus
1901 2161 2098 2210 artus·

484 2239 647 2297 Tota
686 2238 758 2295 in
789 2248 984 2296 morte
1026 2247 1130 2295 tua
1178 2238 1304 2295 vita
1349 2240 1586 2315 sepulta
1625 2256 1762 2296 mea
1806 2245 1917 2296 est.

398 2323 550 2383 Cum
592 2342 782 2400 prope
824 2307 1168 2400 depositam
1212 2343 1308 2382 me
1350 2324 1587 2401 ingrata
1624 2324 1686 2381 in
1732 2324 1865 2380 luce
1902 2322 2237 2397 relinqui8‚

484 2408 635 2468 Cum
675 2408 893 2482 lucem,
941 2428 1075 2466 cum
1120 2417 1184 2465 tu
1219 2409 1441 2486 gaudia
1479 2417 1691 2468 nostra
1733 2407 1919 2486 rapis·

397 2493 679 2570 Namque
724 2495 870 2551 mihi
914 2502 977 2551 tu
1019 2495 1147 2566 lux,
1193 2502 1257 2550 tu
1295 2495 1521 2571 gaudia
1559 2501 1766 2552 nostra
1808 2491 1999 2563 fuisti,

484 2578 640 2638 Care
680 2580 791 2650 vir,
833 2600 868 2637 o
917 2581 1156 2636 animae
1204 2581 1471 2637 maxima
1508 2582 1752 2638 flamma
1794 2596 1984 2635 meae.

397 2663 579 2723 Nunc
622 2665 732 2721 tibi
777 2680 910 2722 sum
947 2664 1206 2738 quidvis,
1252 2664 1346 2722 vel
1382 2665 1436 2723 si
1477 2666 1568 2722 vis
1617 2683 1749 2723 sum
1794 2665 1903 2721 tibi
1938 2661 2189 2735 coniux,

482 2748 645 2806 Dum
689 2749 868 2806 modo
912 2757 977 2805 tu
1015 2749 1161 2805 mihi
1210 2749 1298 2807 sis
1338 2750 1495 2824 quod
1537 2767 1673 2806 mea
1710 2749 1835 2806 vita
1879 2747 2024 2804 mihi
2069 2756 2192 2806 est.

859 2910 963 2981 Εἰς
1004 2917 1103 2978 τὸν
1150 2915 1333 2977 αὐτὸν
1370 2915 1774 2999 Ἀσσήρακον.

385 2996 470 3062 ‘A
522 2995 581 3059 δ’
634 2997 754 3078 ἐίὼ
805 2999 1133 3100 αἰνολεχὴς
1178 3000 1217 3060 ἁ
1266 3000 1342 3062 σὰ
1381 3002 1582 3084 δάμαρ
1632 3002 1756 3062 ὦδε
1807 2998 1866 3060 0³
1911 2996 2123 3081 ἔθαψα

468 3080 552 3144 Ω
593 3083 789 3150 θάλος
832 3082 1239 3166 Ἀσσαράκων
1285 3086 1387 3146 καὶ
1429 3087 1588 3164 φάος
1632 3084 2025 3188 εὐπατριδᾶν.

400 3163 479 3228 K’
511 3167 583 3229 οὐ
617 3166 824 3250 μόνον,
852 3167 967 3230 ἁδὺ
997 3169 1268 3252 μέληαα,
1301 3170 1368 3230 τὸ
1396 3172 1499 3231 σὸν
1531 3168 1724 3250 δέμας
1751 3167 1960 3230 ἐνθάδ’
1992 3165 2239 3251 ἔθαψα,

473 3249 554 3314 ‘A
602 3251 714 3323 ζοὰ
761 3251 822 3313 ἐν
869 3258 944 3335 τᾷ
981 3258 1057 3335 σᾷ
1103 3259 1242 3337 κῆρι
1290 3252 1580 3315 κέκευθεν
1631 3253 1770 3336 ἐμά.

382 3331 503 3403 (Ὀς
528 3359 613 3418 γα
659 3337 760 3397 καὶ
800 3338 1070 3418 ἡμιθανῆ
1120 3339 1221 3399 καὶ
1265 3337 1557 3444 ἀηδόβιόν
1607 3361 1682 3419 με
1722 3337 2036 3412 λέλοιπας,

468 3416 589 3488 ζ’ος
625 3423 692 3483 τὸ
747 3422 905 3502 φάος
948 3422 1023 3483 τοί
1068 3445 1132 3483 τε
1179 3426 1294 3504 μεό
1338 3420 1502 3506 φ’χεο
1553 3421 1795 3504 φίλτατ’
1809 3419 2033 3528 ἔχων.

399 3501 524 3567 Καὶ
566 3505 680 3588 γὰρ
729 3504 876 3587 ἐμὸν
932 3529 1002 3567 συ
1053 3508 1212 3590 φάος
1252 3507 1326 3568 τά
1352 3528 1417 3568 τε
1461 3507 1720 3589 φίλτατα
1756 3512 1958 3588 μῶνος
1998 3503 2235 3588 ἔησθα,
