2452 4186
1096 341 1218 400 349

250 508 493 585 Opacus
541 527 752 568 omues
800 508 1079 568 Tellumo
1115 512 1456 585 venabitur,

247 593 459 653 Multis
499 594 694 653 ruinis
741 595 994 653 obrutos
1039 614 1115 652 ex
1158 597 1415 655 mortuis

243 679 383 739 Uno
430 679 647 737 relicto
693 679 912 738 nuncio
960 680 1291 752 sodalibus,

243 763 739 842 Delphinisigne,
782 764 915 821 fure
956 764 1231 823 Punicae
1279 765 1449 824 deae.

246 849 366 925 Qui
406 857 582 907 vasta
623 848 757 907 ravi
797 848 1032 908 coclitis
1079 850 1346 927 magalia

243 934 508 1006 Videbit,
556 935 754 991 aheno
794 934 1063 992 maximo
1108 936 1320 1012 calpar
1363 936 1514 993 meri

242 1021 428 1078 Manu
473 1020 828 1096 propinans,
873 1020 1157 1095 poculum
1199 1020 1546 1079 hellarium:

241 1104 512 1175 Videbit,
558 1112 618 1161 et
663 1122 816 1178 quae
858 1103 1117 1179 liquerat
1159 1105 1458 1163 cadavera

240 1189 618 1248 Praestanus
662 1191 1053 1249 Averruncus
1107 1209 1407 1248 armorum
1451 1191 1683 1265 cluenS,

244 1274 365 1350 Qui
415 1281 581 1331 rutro
629 1274 864 1331 adunco
909 1275 1298 1333 runcinantes
1343 1277 1566 1348 omnia,

247 1358 309 1417 Ν
314 1366 515 1416 ectent
557 1359 812 1416 foratam
856 1367 1020 1417 reste
1065 1360 1349 1435 praedam
1395 1362 1703 1437 mugilum.

244 1449 444 1518 Atque
492 1443 647 1503 alius
684 1444 867 1500 alium
910 1462 1129 1503 saevus
1175 1446 1437 1522 excipiet
1480 1446 1649 1503 labor

240 1529 490 1587 Labore
536 1547 773 1603 semper
809 1514 1072 1605 pristino
1117 1531 1402 1588 ferocior.

244 1614 419 1690 Quae
465 1632 584 1670 non
630 1612 969 1689 Charybdis
1016 1622 1383 1673 mortuorum
1427 1615 1790 1692 explebitur,

246 1699 424 1775 Quae
470 1718 588 1756 non
635 1699 926 1774 Erinnys,
977 1700 1300 1776 semivirgo
1346 1700 1564 1773 bestia,

243 1782 415 1857 Quae
461 1803 584 1842 non
633 1782 921 1855 Camena,
966 1785 1243 1842 carnifex
1292 1786 1732 1859 bimembrium,

240 1868 487 1929 Aetolis
527 1875 629 1925 aut
666 1867 929 1941 Curetis,
976 1877 1139 1927 artus
1184 1870 1403 1943 liquier

244 1953 540 2015 Suadebit
576 1972 726 2011 aura
766 1954 1099 2011 flexanima
1137 1954 1523 2013 immemores
1573 1955 1722 2014 cibi:

240 2039 357 2098 Vel
404 2057 586 2114 quam
631 2039 894 2097 ferarum
938 2059 1055 2098 non
1106 2039 1342 2098 fabram
1387 2041 1739 2114 intuebitur,

245 2129 446 2184 Atrox
488 2144 785 2183 venenum
836 2125 998 2182 farre
1040 2125 1396 2185 miscentem
1427 2120 1769 2200 excetram,

242 2210 578 2284 Fatumque
615 2210 1081 2268 monstriforme.
1130 2212 1241 2269 sed
1284 2211 1610 2270 miserrimi

247 2294 482 2355 Sortem
518 2302 829 2372 gementes
874 2302 1052 2368 atque
1094 2295 1371 2369 palantes
1417 2297 1585 2372 paris

244 2379 529 2440 Miscella
570 2398 812 2455 semper
856 2398 990 2436 cum
1037 2379 1290 2455 polenta
1335 2381 1604 2438 floccium

241 2467 460 2537 Acina,
504 2464 819 2538 fracesque
857 2464 1271 2522 devorabunt:
1318 2472 1415 2522 ast
1461 2483 1596 2521 eum

241 2550 456 2608 Herba
503 2558 681 2623 atque
725 2551 943 2608 Manus
991 2549 1322 2607 vindicabit
1366 2550 1579 2608 obvius

241 2635 648 2693 Nonacriates
693 2635 952 2693 Vinulus
1000 2635 1256 2711 Triceps
1303 2635 1475 2707 deuS,

241 2721 320 2778 Et
364 2728 737 2779 mortuorum
775 2740 964 2797 regna
1010 2720 1338 2779 descendet
1383 2738 1551 2793 cava,

242 2809 443 2879 Atque
486 2804 746 2862 inferum
788 2806 1024 2882 rogabit
1060 2806 1331 2882 apricum
1375 2823 1681 2882 augurem,

247 2889 473 2966 Coitus¹
512 2890 774 2948 virorum
813 2898 872 2947 et
913 2891 1269 2947 feminarum
1320 2891 1652 2962 conscium,

242 2975 492 3035 Umbris
535 2974 726 3032 hianti
771 2976 1125 3051 sanguinem
1173 2976 1482 3052 obsipans*
1514 2975 1681 3033 solo:

241 3060 549 3133 Ensisque
593 3067 732 3116 trux
774 3061 1098 3131 munimen,
1142 3060 1354 3118 inferis
1397 3068 1642 3132 metum,
1704 3057 1706 3059 ’

244 3145 534 3215 VibranS,
583 3153 939 3202 trementum
984 3163 1250 3202 murmur
1291 3145 1636 3203 umbrarum
1682 3143 1887 3203 audiet

247 3228 492 3289 Gracile
536 3229 763 3286 caduca
797 3229 1144 3289 succrotilla
1184 3230 1411 3302 fabula,

245 3318 445 3390 Atque
486 3314 627 3370 hinc
669 3313 992 3391 Gigantum
1038 3333 1191 3389 quae
1234 3315 1491 3372 lacertos
1531 3314 1737 3372 insula

248 3397 585 3475 Confregit,
636 3407 695 3456 et
738 3400 1048 3476 Typhonis
1093 3407 1259 3458 artus
1308 3399 1643 3475 querqueri.

246 3485 484 3542 Adusta
522 3484 837 3560 flam[m]is
881 3503 1015 3542 cum
1053 3503 1218 3542 mera
1264 3484 1525 3560 excipiet
1560 3491 1718 3542 rate:

250 3568 387 3644 Qua
431 3588 542 3626 rex
580 3569 827 3628 deorum
871 3570 1125 3641 informe
1169 3569 1479 3630 clunarum
1521 3587 1716 3646 genus

2074 512 2178 567 655

2075 933 2181 989 660

2073 1363 2178 1419 665

2074 1786 2178 1842 670

2074 2217 2178 2271 675

2072 2639 2178 2694 680

2065 3036 2176 3124 Ᾱ685

2071 3486 2175 3540 690
