2452 4186
1224 309 1347 367 326

393 474 534 532 Tibi
578 474 738 547 dico,
786 482 1000 552 captae
1047 476 1258 534 matris
1298 475 1559 533 ancillae
1602 494 1812 553 genus.

391 559 665 637 Ingenua
696 560 857 635 quod
904 561 957 618 si
999 561 1351 619 sustulisset
1396 568 1456 617 te
1494 580 1737 635 parenS,

240 642 375 697 1230
394 644 701 720 Quantum
745 654 1032 717 tumeres,
1077 653 1255 721 teque
1302 644 1532 703 celsum
1577 647 1911 719 attollereS,

394 728 545 788 Cum
581 730 784 807 litiges
834 730 1004 788 nulla
1048 730 1112 787 in
1154 750 1242 803 re,
1288 732 1473 788 homo
1520 731 1672 788 nulli
1715 733 1847 790 rei?

392 814 656 886 Venisse
694 835 807 872 nec
849 834 966 874 nos
1012 815 1492 887 classirectores,
1540 835 1735 891 neque

390 900 596 959 Duces
639 901 963 974 Achivum,
1004 900 1390 958 iureiurando
1433 908 1730 960 autumas.

392 983 517 1045 Sed
560 986 709 1043 iuris
743 986 929 1057 Aiax,
977 993 1043 1042 ut
1079 986 1334 1061 probaS,
1381 986 1546 1043 venit
1584 988 1706 1044 sui:

240 1072 374 1126 1235
391 1074 492 1128 An
538 1071 661 1128 ista
693 1071 787 1128 ius
829 1078 923 1129 est
968 1071 1128 1128 dicta
1174 1090 1380 1129 servos
1419 1070 1745 1147 proloqui?

387 1152 536 1226 Quis
577 1155 703 1227 ille,
747 1154 842 1212 cui
887 1162 973 1228 tu,
1019 1165 1186 1214 tanta
1231 1156 1598 1227 vociferans,
1641 1156 1896 1214 studes?

391 1240 528 1315 Quo
582 1241 831 1298 contulit
874 1241 1111 1318 pedem,
1159 1242 1263 1298 ubi
1307 1241 1493 1312 stetit,
1533 1241 1636 1298 ubi
1680 1249 1741 1300 et
1783 1260 1908 1298 non
1954 1245 2118 1319 ego?

387 1327 495 1388 An„
527 1333 770 1401 praeter
812 1326 1003 1398 illum,
1047 1326 1279 1383 nullum
1329 1327 1556 1383 habent
1599 1324 1819 1384 Graeci
1863 1328 2107 1387 virum?

387 1410 571 1486 ErgO,
619 1419 685 1469 ut
722 1410 1015 1483 videmur,
1061 1412 1269 1486 iniqua
1313 1411 1827 1487 promulgavimus

238 1497 372 1551 1240
389 1497 714 1554 Armorum
757 1496 1015 1554 Achillis
1061 1497 1300 1571 publice
1347 1496 1697 1568 certamina,

394 1578 461 1639 Si
501 1580 736 1639 Teucer
783 1589 842 1638 et
886 1599 1000 1639 nos
1047 1601 1154 1639 ore
1195 1580 1501 1640 convincit
1543 1582 1771 1639 malos:

387 1663 523 1722 Nec
568 1674 664 1725 sat
706 1667 1040 1741 probantur
1077 1666 1186 1724 illa
1236 1686 1312 1724 ne
1359 1666 1534 1723 victis
1574 1666 1837 1740 quidem,

389 1750 525 1807 Hac
568 1758 751 1823 stare,
799 1769 919 1825 qua
960 1759 1046 1808 tot
1084 1770 1375 1809 censuere
1422 1750 1680 1809 iudices:

387 1834 613 1893 Verum
653 1836 895 1913 probris
940 1855 1051 1893 nos
1090 1837 1354 1911 undique
1397 1835 1747 1894 incilabitis.

238 1922 369 1974 1245
387 1919 622 1977 Furtim
666 1929 768 1978 aut
809 1920 1052 1997 petetis,
1099 1921 1353 1996 impotes
1404 1921 1714 1979 victoriae.

388 2004 536 2062 Istis
579 2006 656 2062 ab
702 2005 922 2064 animis
969 2006 1355 2079 moribusque
1395 2006 1623 2064 eimodi

386 2088 717 2165 Nunquam
765 2098 1073 2149 asseretur
1113 2089 1353 2167 legibus
1394 2109 1539 2150 suus
1575 2100 1792 2164 statuS,

391 2173 461 2234 Si
500 2175 812 2251 exigemus
861 2176 991 2232 iure
1032 2176 1343 2233 vincentes
1386 2175 1549 2249 loce,

387 2260 466 2318 Et
509 2261 958 2337 postputandos
1011 2268 1152 2317 ante
1194 2261 1647 2319 collocabimus.

234 2345 370 2399 1250
391 2343 516 2405 Sed
551 2346 1023 2422 comprimenda.
1072 2347 1223 2409 haec
1267 2366 1390 2404 non
1433 2345 1720 2403 lacertosi
1761 2345 1896 2418 viri,

385 2431 701 2506 Vastoque
745 2431 959 2490 virium
995 2431 1246 2506 impetu,
1289 2431 1332 2489 ii
1379 2430 1710 2489 tutissumi:

388 2513 512 2575 Sed
559 2516 780 2591 ubique
821 2516 1087 2590 vincunt,
1137 2524 1339 2575 mente
1384 2517 1486 2590 qui
1529 2535 1681 2575 sana
1724 2515 1946 2572 cluent.

383 2600 608 2677 Flagro
651 2601 1053 2659 admonentur
1088 2601 1321 2678 pollulo
1361 2600 1616 2678 glebarii

386 2684 592 2743 Validi
632 2686 863 2744 triones
905 2695 1136 2744 rectum
1176 2687 1356 2744 itiner
1399 2686 1703 2757 insistere,

234 2776 367 2829 1255
387 2768 503 2829 cui
546 2771 786 2848 generis
832 2772 896 2829 in
932 2780 1001 2829 ·te
1045 2772 1375 2829 remedium
1418 2771 1596 2829 video
1648 2770 1762 2827 cito

384 2856 709 2932 Expetere,
755 2857 819 2912 ni
862 2864 925 2913 te
967 2875 1184 2933 sapere
1228 2855 1508 2931 postules
1554 2856 1727 2914 bene.

385 2939 511 3012 Qui·
547 2949 726 2999 natus
771 2940 904 3014 illo,
948 2940 1052 3017 qui
1091 2941 1309 2998 umbra
1346 2941 1568 3013 inanis,
1615 2960 1738 2999 non
1780 2934 1874 2993 vir
1911 2943 2034 3006 est,

386 3023 595 3085 Gestis
637 3025 900 3103 petulce,
944 3026 1206 3100 loqueris
1254 3035 1313 3083 et
1355 3026 1734 3101 proterviter.

384 3107 532 3168 Non
572 3131 789 3188 sapere
835 3110 1082 3169 disces?
1120 3130 1246 3170 non
1291 3119 1531 3169 tuorum
1576 3111 1858 3170 conscius

233 3194 720 3270 1260Natalium,
764 3197 1071 3256 homiuem
1117 3196 1376 3254 liberum
1414 3196 1679 3255 adduces
1724 3195 1892 3266 mihi,

386 3279 744 3339 Orationem
790 3283 894 3357 qui
944 3282 1112 3339 dabit
1151 3288 1318 3338 tuam
1360 3281 1595 3339 vicem?

381 3364 546 3423 Nam
591 3375 650 3424 te
691 3367 980 3442 loquente
1022 3364 1184 3424 dicta
1230 3386 1326 3424 me
1367 3367 1670 3424 incertant
1712 3373 1834 3436 tua,

380 3451 467 3509 Ut
507 3451 609 3526 qui
651 3450 958 3527 loquelam
1001 3453 1323 3510 barbaram
1366 3452 1527 3509 haud
1568 3451 1940 3527 intellegam.

382 3535 493 3594 Ch.
583 3536 838 3611 Utrique
877 3545 1144 3596 vestrum
1187 3537 1293 3595 Dii
1338 3538 1564 3596 bonam
1614 3544 1877 3594 mentem
1920 3536 2124 3597 duint.
