2452 4186
1026 331 1147 389 2⁷3

682 490 758 557 ‘O
804 495 939 576 πρὶν
984 495 1486 578 ἀμαλθάκτοισιν.
1809 500 2001 579 ζ(40)

188 579 288 638 Ille
328 599 440 657 ego
482 590 686 640 mente
729 583 862 640 fera
897 584 998 658 qui
1043 584 1345 658 quondam
1392 584 1618 658 pubere
1660 583 1724 640 in
1765 603 1919 645 aevo

261 665 637 726 Flexanimis
680 667 955 744 Paphiae
994 669 1234 745 legibus
1283 687 1466 745 asper
1510 687 1696 740 eram,

187 748 289 807 Ille
329 749 688 828 Cupidineis
734 753 1061 829 impervius
1103 763 1244 811 ante
1291 753 1552 831 sagittiS‚

262 836 387 893 Iam
433 837 643 895 senior
690 844 803 895 tua
839 856 936 895 mc
985 840 1095 897 sub
1140 839 1285 915 iuga
1324 839 1514 910 mitto,
1563 837 1790 896 Venus.

190 921 396 997 Accipe
443 940 540 978 me
578 921 806 982 ridens.
850 921 996 981 Non
1043 932 1164 981 tam
1212 924 1376 999 prius
1414 922 1645 999 inclyta
1688 922 1845 981 malo

262 1004 693 1082 Hesperidum,
735 1026 914 1083 qnam
955 1028 1113 1066 nunc
1151 1009 1312 1066 victa
1357 1009 1632 1067 Minerva
1665 1008 1776 1066 tibi
1819 1014 1931 1067 est.

717 1169 839 1234 Ναὶ
876 1172 1039 1256 τάχα
1085 1172 1437 1254 τανταλέης.
1806 1177 2000 1256 ζ(41)

192 1255 311 1315 Nae
354 1278 746 1335 quaecunque
790 1261 955 1318 videt
991 1261 1274 1319 Acheron
1321 1262 1669 1337 spectacula
1712 1281 1941 1337 poenae

267 1343 675 1420 Tantaleae[‚]
719 1347 946 1405 nostris
991 1355 1132 1404 sunt
1172 1346 1405 1404 leviora
1450 1347 1648 1405 malis.

193 1427 337 1486 Nam
380 1428 545 1488 nullo
585 1431 968 1507 prohibente,
1009 1431 1137 1489 suis
1175 1439 1282 1488 tua
1324 1431 1517 1504 labra,
1559 1431 1773 1490 videns
1819 1440 1901 1503 te,

267 1513 638 1587 consereret,
682 1534 872 1572 verna
909 1516 1198 1573 lucidiora
1239 1535 1404 1588 rosa,

195 1598 470 1657 Tantalus
517 1619 937 1659 aerumnosus.
979 1605 1061 1659 At
1102 1602 1241 1658 huic
1283 1600 1443 1678 lapis
1479 1601 1785 1659 imminet:
1830 1599 1999 1657 illum

264 1683 506 1742 Horret.
552 1685 648 1742 Ita
693 1693 804 1744 est.
849 1686 1072 1743 Iterum
1113 1687 1221 1745 sed
1270 1687 1477 1762 nequit
1518 1687 1623 1743 ille
1668 1685 1843 1743 mori.

195 1773 264 1827 At
302 1770 475 1828 nobis
523 1770 676 1829 vivis
707 1770 1012 1846 liquantur
1052 1772 1322 1829 membra
1363 1771 1591 1829 furore:

265 1854 502 1913 Viribus
552 1857 865 1914 exhaustis
913 1876 1078 1914 mors
1124 1858 1485 1931 propiorque
1520 1857 1702 1915 venit.

623 2017 933 2106 Ἐσβέσθη
986 2025 1319 2106 gelo-[epoto
1366 2022 1577 2103 πυρὸς.
1809 2025 1999 2105 ζ(42)

195 2104 433 2185 Dilapsa
477 2118 572 2169 est
612 2130 747 2167 mea
789 2111 1051 2185 flamma,
1092 2130 1204 2169 nec
1234 2110 1495 2187 amplius
1524 2119 1733 2169 aestuo
1760 2114 1998 2186 morbo,

266 2194 331 2251 In
375 2195 630 2254 Veneris
679 2196 913 2254 cineres
962 2197 1070 2255 sed
1112 2197 1448 2272 tepefactus
1496 2214 1591 2254 eo.

197 2277 440 2337 Ossibus
490 2290 550 2337 et
589 2280 810 2355 penitis
856 2282 1019 2338 nuda
1056 2277 1220 2352 cute,
1269 2281 1489 2337 mentis
1539 2289 1599 2337 et
1633 2281 1771 2339 imis

267 2362 556 2424 Sensibus
601 2366 919 2424 insinuans
965 2374 1124 2422 errat
1169 2365 1428 2422 anhelus
1478 2382 1670 2421 amor:

195 2445 435 2507 Victima
480 2450 569 2508 sic
606 2458 921 2526 postquam
965 2458 1059 2508 est
1092 2451 1153 2506 in
1197 2449 1388 2508 sacris
1434 2448 1574 2525 igne
1618 2457 1850 2521 vorata,

266 2532 485 2610 Sponte
529 2554 635 2593 suo
674 2536 921 2606 residet,
971 2554 1104 2593 cum
1144 2542 1312 2609 tepet
1356 2552 1518 2606 esca,
1562 2533 1744 2592 furor.

692 2698 944 2780 ’Ώμοσα
990 2702 1304 2784 μιμνάζειν
1353 2721 1485 2761 σεο.
1807 2702 2000 2788 ζ(43)

192 2783 456 2845 Iurabam
499 2798 728 2861 sancte,
775 2790 870 2847 bis
916 2808 1045 2862 sex,
1089 2810 1202 2866 pro
1244 2789 1473 2864 Iupiter
1515 2796 1574 2845 et
1612 2788 1694 2861 di,

265 2871 397 2930 Lux
436 2892 594 2947 mea,
639 2874 929 2932 luciferos
973 2875 1130 2932 velle
1174 2893 1380 2932 carere
1423 2874 1529 2930 tui.

191 2952 313 3013 Non
354 2958 544 3032 potui.
587 2959 742 3018 Visa
778 2967 872 3017 est
912 2959 1018 3016 lux
1061 2959 1304 3036 longior
1347 2959 1539 3016 altera
1582 2960 1677 3017 bis
1724 2978 1832 3018 sex

265 3042 608 3102 Mensibus:
650 3044 861 3103 adiuro
905 3052 1082 3119 teque
1124 3053 1410 3117 tuumque
1457 3052 1655 3120 caput.

195 3124 296 3199 Tu,
336 3146 413 3185 ne
452 3130 831 3204 perscribant
870 3129 1102 3187 ultricis
1144 3129 1206 3185 in
1255 3147 1520 3204 aequore
1566 3128 1808 3186 chartae

266 3210 414 3286 Hoc,
462 3214 624 3288 quod
662 3214 877 3286 iuravi,
916 3214 1029 3271 rite
1072 3231 1324 3289 precare
1367 3213 1554 3270 Deos.

194 3296 373 3371 Atque
413 3299 531 3358 tuis
576 3299 773 3357 mulce
817 3318 935 3372 me,
980 3299 1226 3369 blanda,
1271 3297 1608 3374 leporibus,
1652 3304 1717 3353 ut
1754 3317 1831 3355 ne

265 3382 361 3446 Me
408 3402 692 3459 superum
735 3385 990 3460 perdant
1032 3393 1092 3441 et
1136 3393 1241 3441 tua
1286 3383 1476 3459 flagra
1520 3382 1718 3439 simul.

1478 3564 1555 3624 18
