2452 4186
1074 316 1191 374 125

394 480 890 566 [lapmpt'acffpbv
932 479 1121 565 ἔργον
1155 480 1284 545 ἔστι
1322 480 1636 562 συλλέγειν
1753 528 1766 537 ι

218 628 223 635 ,
262 612 269 617 -
393 563 516 629 Καὶ
557 569 677 629 τῶν
719 563 1056 650 τυχόντων·
1106 566 1376 649 ἐκλέγειν
1421 567 1512 641 δὲ,
1558 572 1675 628 τῶν
1721 572 1954 650 σοφῶν.

831 731 990 797 Ἀπὸ
1043 735 1412 819 ἑξαμέτρων.

216 817 292 883 ‘A
337 817 799 904 φιλοχρηματία
844 817 1127 902 Σπάρταν
1176 819 1335 893 ἕλοι,
1382 818 1536 882 ἄλλο
1589 820 1658 882 δὲ
1701 819 1904 884 οὐδέν.

218 903 454 968 Ἀέτιον
500 908 694 986 γῆρας
740 903 1007 985 κορύδου
1054 903 1341 986 νεότητος
1381 903 1653 986 ἄμεινον.
1740 955 1748 959 ι

225 990 408 1071 Αἰγὸς
451 988 860 1070 ἐπιπρητῆνος
901 988 1183 1071 ἐρυθροῦ,
1214 990 1379 1072 πήρη
1432 990 1668 1072 ἀρίστη.

220 1073 437 1141 Αἰδὼς·
476 1072 589 1135 οὐκ
626 1070 832 1153 ἀγαθὴ
876 1072 1246 1156 κεχρημένῳ
1281 1075 1453 1156 ἀνδρὶ
1497 1075 1781 1156 παρίκτῃ.

227 1160 359 1222 Αἰεὶ
402 1156 464 1219 δ’
519 1157 692 1238 ἀνδρὶ
734 1156 976 1238 γέροντι
1023 1159 1165 1220 νέαν
1207 1161 1581 1242 ποτιβοίλλεο
1629 1159 1881 1241 κούραν.

224 1244 356 1306 Αἰεὶ
400 1241 733 1305 τοιούτοισι
781 1242 1119 1323 διωκοίμην
1163 1241 1510 1323 πολέμοισι.

224 1328 333 1398 Αἲξ
383 1326 561 1391 οὔπω
597 1325 883 1399 τέτοκεν,-
913 1324 1124 1409 ἔριφος
1170 1326 1221 1388 δ’
1272 1327 1371 1389 ἐπὶ
1417 1328 1675 1409 δώματα
1718 1327 1941 1397 παίζει.

228 1410 494 1498 Αἰσχρύν
543 1433 638 1471 τοι
678 1408 866 1492 δηρόν
913 1432 979 1471 τε
1021 1409 1248 1492 μένειν,
1285 1410 1495 1473 κενεόν
1541 1434 1607 1473 τε
1650 1410 1919 1473 νέεσθαι.

216 1496 508 1579 Ἀκλητοι
546 1495 739 1557 δειλοὶ
786 1493 1038 1574 ἀγαθῶν
1084 1495 1182 1557 ἐπὶ
1225 1497 1435 1562 δαῖτας
1479 1495 1626 1558 ἴασι.

219 1580 449 1664 Ἀκμὴν
500 1577 796 1662 ἑπταέτης
843 1579 928 1640 ὢν
979 1578 1093 1642 οὐκ
1138 1579 1445 1663 ἀνέφυσεν
1489 1579 1765 1648 ὀδόντας.

221 1663 416 1730 Ἀλλά
460 1687 533 1746 γε
574 1664 757 1726 σιτίον
806 1662 875 1725 ἐκ
912 1663 1203 1753 καθαρῶν
1253 1665 1506 1770 ἀχύρων
1552 1665 1938 1747 τετρύγηκας.

222 1749 414 1814 Ἀλλὰ
458 1751 851 1832 προσωπεῖον
897 1749 1005 1829 μὲν
1049 1747 1235 1833 ἔχεις,
1277 1773 1476 1830 γυναι,
1519 1749 1661 1834 οὐχὶ
1691 1748 2047 1832 πρόσωπον.
2136 1744 2143 1752 ’

221 1836 478 1899 Ἀλλοτε
524 1833 580 1895 δῖ
632 1834 885 1897 ἀλλοῖον
926 1832 1197 1897 τελέθειν
1245 1834 1348 1896 καὶ
1390 1836 1572 1918 χώρᾳ
1610 1834 1890 1896 ἕπεσθαι.

218 1919 476 1983 ’Άλλοτε
521 1918 783 2001 μητρυιὴ
831 1916 1009 1979 πέλει
1051 1918 1281 2001 ἡμέρη,
1329 1917 1554 1981 ἄλλοτε
1598 1919 1818 2001 μήτηρ.

226 2003 397 2068 Ἀλλ’
446 2002 632 2065 οὐδὲν
675 2003 815 2085 περὶ
857 2003 959 2064 τὸν
1008 2003 1217 2087 βωμὸν
1269 2005 1369 2066 δεῖ
1401 2002 1510 2070 τὰς
1553 2002 1842 2070 ἐπινοίας.

221 2086 398 2153 Ἀλλ’
437 2087 558 2151 ὑπὸ
604 2089 782 2149 παντὶ
821 2086 977 2173 λίθῳ
1015 2088 1118 2150 καὶ
1161 2089 1350 2174 βώλῳ
1393 2088 1683 2169 σκορπίος
1725 2087 1914 2151 εὕδει.

225 2172 700 2257 Ἀνδροὶποδ”ἐκ
740 2171 1031 2255 Φρυγίης,
1079 2173 1148 2234 ἐκ
1188 2174 1248 2234 δ’
1287 2172 1620 2256 Ἀρκαδίης
1662 2171 2050 2256 ἐπικούρους.

22 2267 23 2270 ’
138 2290 149 2296 -
226 2258 428 2340 Ἀνδρὶ
475 2255 526 2320 Γ
532 2256 813 2341 εφυραίῳ
858 2256 1027 2325 οἶκος
1072 2257 1272 2340 φίλος,
1316 2257 1482 2324 Οἶκος
1521 2255 1783 2339 &pm-coc.

222 2343 379 2408 'Avt’
428 2340 787 2424 εὐεργεσίης
825 2339 1257 2423 Ἀγαμέμνονα
1298 2345 1465 2405 τῖσαν
1508 2341 1777 2426 Ἀχαιοί.

226 2427 566 2513 Ἀργαλέον
611 2423 951 2509 φρονέοντα
988 2426 1143 2509 πάρ’
1189 2425 1419 2510 ἄφροσι
1471 2425 1660 2487 πόλλ’
1708 2424 2052 2507 ἀγορεύειν.

223 2511 587 2597 Ἀργυρέαις
625 2507 911 2593 λόγχαισι
964 2511 1192 2593 μάχου,
1243 2512 1345 2573 καὶ
1380 2511 1577 2572 πάντα
1617 2510 2027 2591 δαμοὶσ[σ]εις.

224 2597 554 2682 Ἀρκαδίην
609 2594 674 2675 μ’
720 2596 927 2670 αἰτεῖς,
973 2593 1128 2675 μέγα
1167 2595 1228 2677 μ’·
1280 2595 1484 2661 αἰτεῖς.
1538 2593 1612 2658 οὔ
1656 2616 1750 2656 τοι
1797 2596 2007 2658 δώσω.

222 2682 449 2768 Ἀρχὴν
500 2681 714 2742 ἰᾶσθαι
754 2678 915 2741 πολὺ
963 2681 1173 2756 λώϊον,
1218 2681 1296 2763 ἠὲ
1339 2679 1646 2761 τελευτήν.
2005 2699 2010 2706 ·

121 2807 129 2817 ·
220 2766 533 2830 Ἀισονται
573 2762 712 2826 τότε
757 2764 985 2839 κύκνοι,
1030 2763 1174 2827 ὅταν
1222 2769 1436 2846 σιγῶσι
1475 2764 1734 2826 κολοιοί.

230 2852 495 2933 Αὐγοὶζω
542 2848 699 2931 πρὸς
728 2844 1050 2929 Ὄλυμπον
1098 2850 1922 2934 ἀταρβήτῃσι.προσωπαῖς.-

232 2935 566 3020 Αύτοίρκων
619 2931 1001 3014 εὐδαιμονίη,
1049 2936 1218 3017 φιλίη
1259 2934 1328 2996 δὲ
1374 2933 1663 3017 βεβαίων.

231 3021 467 3083 Αὐτίκα.
504 3018 610 3081 καὶ
658 3016 818 3100 φυτὰ
863 3018 1045 3098 δῆλα,
1093 3019 1168 3080 τὰ
1215 3017 1430 3100 μέλλει
1475 3016 1728 3100 κάρ-πιμ’
1774 3015 2052 3080 ἔσεσθαι.

233 3105 587 3188 Αὐτόματοι
634 3103 691 3164 δ’
736 3101 963 3182 ἀγαθοὶ
1008 3101 1259 3182 ἀγαθῶν
1307 3101 1405 3164 ἐπὶ
1452 3103 1663 3169 δαῖτας
1708 3100 1860 3164 ἴασι.»

231 3185 422 3273 Βαίτη
468 3188 575 3250 καὶ
621 3185 842 3269 θέρεος
879 3186 982 3248 καὶ
1021 3185 1511 3269 χείματός-ἐστιν
1557 3185 1795 3267 ἀρίστη.

234 3271 515 3357 Γαστέροι
564 3293 669 3353 μοι
710 3269 1053 3354 προφέροις
1099 3268 1701 3336 κάλλιστονὸνειδος
1743 3271 2054 3333 ἁπάντων.

303 3357 386 3422 ‘H
425 3358 669 3439 πλήρης
710 3355 818 3437 μὲν
867 3354 1279 3439 ἐλαφροτάτη,
1310 3354 1489 3436 κενεὴ
1535 3354 1605 3416 δὲ
1646 3355 1887 3438 βαρεῖα.

236 3440 506 3527 Γαστρὸς
555 3440 677 3503 ἀπὸ
724 3439 941 3520 πλείης
987 3439 1180 3524 βουλὴ
1226 3439 1328 3502 καὶ
1371 3443 1544 3520 μῆτις
1589 3438 1835 3522 ἀρείων.

235 3525 550 3607 Γλαῦκ)[,]
587 3524 908 3607 ἐπίκουρος
945 3524 1098 3608 ἀνὴρ
1125 3523 1345 3587 τόσσον
1373 3522 1551 3605 φίλος
1578 3521 1642 3591 ἔς
1662 3546 1728 3596 τε
1754 3525 2052 3609 μάχηται.
