2452 4186
1197 289 1277 347 28

328 457 471 516 Nisi
512 458 662 515 orba
707 456 860 515 lucis
900 457 1138 515 viveres
1186 457 1546 531 salutisque,

329 542 637 600 Iniuriosa
674 543 961 599 servitute
1002 543 1402 618 praedonum,

331 627 448 700 Qui
490 627 837 684 nidulantur
874 627 1199 685 Adriaticis
1250 627 1503 703 stagniS,

328 713 409 770 Et
437 713 578 769 inde
618 730 859 787 semper
903 712 1218 769 imminent
1256 731 1450 769 novae
1497 711 1781 786 praedae,

330 797 609 855 Thetidis
661 804 933 872 nepotes,
981 806 1040 854 et
1081 796 1359 856 Salaciae
1406 796 1587 854 cives.

249 940 259 948 ,
330 883 470 940 Heu
519 880 947 956 Spartanorum
989 882 1268 939 traduces
1315 882 1628 939 venenati!

330 968 468 1025 Heu
512 967 956 1042 transfugarum
1001 976 1085 1025 tot
1127 966 1491 1042 propagines
1540 983 1771 1037 sacrae,

330 1054 409 1110 Et
448 1052 813 1127 perditorum
862 1069 1039 1127 seges
1080 1052 1286 1109 adulta
1327 1050 1664 1108 latronum!

333 1137 523 1212 Queis
570 1155 806 1194 summa
846 1136 981 1194 laus
1024 1146 1118 1195 est
1156 1136 1479 1213 possidere
1522 1136 1595 1192 de
1643 1144 1835 1211 rapte,

329 1221 645 1280 Peculium
690 1221 914 1279 fecisse
963 1222 1037 1278 de
1081 1222 1269 1294 ma10,
1318 1221 1525 1279 virtus.

333 1308 600 1382 Quorum
626 1308 771 1364 urbs
804 1307 879 1363 ab
916 1307 1061 1365 atris
1094 1316 1576 1381 quantacunque,
1613 1324 2002 1380 quaecunque
2045 1314 2163 1375 est,

332 1392 608 1450 Isaurica
652 1391 998 1463 sodalitate,
1046 1392 1261 1468 piratis

334 1476 643 1535 Conflata:
693 1478 766 1533 ab
815 1478 961 1534 atris
1009 1486 1204 1549 aucta,
1251 1478 1381 1534 fota
1433 1474 1667 1550 piratis,

330 1564 551 1638 Auget,
594 1562 880 1634 fovetque
928 1580 1087 1617 nunc
1128 1562 1323 1618 amica
1364 1559 1629 1635 piratas:

333 1647 618 1703 Taberna
660 1645 931 1713 sceleris,
973 1646 1218 1702 officina
1243 1645 1600 1721 Cyclopum,

334 1733 505 1789 Intus
548 1728 886 1787 recondens
932 1730 1171 1805 copiam
1217 1730 1529 1806 improbae
1571 1730 1812 1800 mercis,

332 1802 602 1890 Dolique
645 1833 890 1872 acervos
933 1815 1263 1892 flagitiique
1315 1816 1670 1872 thesauros:

334 1899 719 1977 Ergastulum
761 1900 1013 1961 cruoris,
1058 1909 1116 1957 et
1154 1919 1539 1958 venenorum.

334 1986 457 2045 Ubi
501 1985 774 2041 maxima
814 1986 1091 2042 mercede
1141 1986 1503 2062 sanguinum
1553 1983 1737 2041 servit

333 2070 603 2147 Propola
644 2069 855 2144 toxici,
905 2071 1149 2129 institor
1186 2070 1334 2128 mali
1380 2069 1570 2127 succit

336 2157 493 2214 Tum
535 2156 806 2230 quisquis
856 2166 915 2213 et
949 2157 1125 2228 clam,
1173 2177 1296 2213 non
1339 2155 1541 2229 palam
1580 2154 1753 2212 nefas
1801 2156 2000 2226 audet,

338 2240 752 2317 Sicariusque,
797 2241 899 2315 qui
936 2242 1136 2318 palam
1185 2241 1359 2298 nefas
1406 2240 1603 2296 audet.
1698 2268 1714 2281 ·

335 2325 496 2384 Nam
534 2326 705 2383 lictor
739 2327 961 2397 audax,
1005 2326 1402 2403 publicusque
1446 2332 1773 2401 grassator,

338 2410 609 2486 Cumque
651 2411 898 2468 horrido
940 2411 1165 2468 lanista
1201 2410 1582 2487 spiculatore,

339 2497 531 2573 Turpi
574 2495 691 2552 fide
738 2505 1080 2554 auctoratus
1126 2505 1185 2553 et
1232 2502 1631 2563 sacramento,

339 2580 794 2658 Stipendiorum
836 2600 945 2658 spe
987 2582 1277 2657 superbit,
1327 2588 1387 2637 et
1426 2580 1609 2637 sumit

336 2668 393 2724 A
432 2667 679 2723 crimine
720 2666 980 2738 animos,
1025 2686 1061 2722 a
1102 2665 1349 2724 licentia
1391 2666 1635 2722 ferrum.

338 2751 459 2809 Ubi
496 2751 813 2825 peierator,
858 2760 1035 2825 atque
1078 2753 1354 2809 funerum
1401 2768 1711 2824 mancepS,

340 2834 618 2910 Sociique
665 2836 877 2909 capitis
927 2845 1106 2912 atque
1149 2835 1464 2911 sanguinis
1517 2842 1718 2892 sector

339 2919 527 2993 Civis,
564 2939 807 2978 suorum
856 2922 1027 2979 triste
1070 2920 1411 2998 praestinat
1450 2919 1635 2976 letum

338 3005 710 3080 Quocunque
749 3006 970 3082 pretio,
1020 3014 1162 3080 quot
1203 3005 1409 3076 licent,
1458 3005 1808 3061 amicorum.

340 3090 452 3148 Cui
498 3091 666 3148 nulla
697 3091 855 3149 iusto
902 3093 1044 3148 urbs
1092 3093 1287 3148 Marte
1339 3090 1544 3160 cessit,
1584 3095 1686 3145 aut
1728 3088 1915 3145 bello:

340 3174 462 3235 Sed
508 3173 671 3251 quali
720 3177 916 3233 ahena
960 3177 1225 3234 claustra
1271 3175 1634 3233 moliebatur

337 3266 506 3332 Arte,
555 3269 614 3319 et
657 3280 827 3319 seras
863 3260 1489 3338 Philippusurbium,
1539 3266 1599 3315 et
1638 3265 1861 3317 vecteS.

342 3345 475 3403 Hac
518 3354 767 3423 propter
808 3347 947 3421 ipso
995 3356 1088 3406 est
1129 3348 1189 3403 in
1236 3346 1388 3403 mari
1436 3345 1574 3415 sita,
1619 3353 1684 3401 ut
1726 3361 1980 3420 magnas

338 3430 617 3489 Piscetur
657 3432 838 3489 urbes
880 3432 1142 3507 undique
1183 3442 1369 3489 aureo
1412 3430 1544 3486 reti.

427 3515 481 3574 O
528 3515 709 3587 Diva,
755 3536 893 3573 nam
938 3537 1091 3592 quae
1138 3517 1448 3574 vorticosa
1485 3514 1860 3590 tempestas?
