2452 4186
1268 308 1389 367 254

409 470 483 537 Ζ.
581 470 906 556 Νωθρείην
961 470 1144 556 φεῦγ’
1186 475 1318 558 ἥτις
1360 473 1573 556 ἀεργίη
1617 472 1744 535 ἐστὶ
1788 471 1981 535 νόοιο.
2058 493 2059 502 ’

581 554 729 620 Εῦτ’
752 554 824 619 ἂν
863 558 897 619 ό
915 560 1059 623 νοῦς
1070 557 1283 641 ἀτονῇ,
1301 560 1370 622 τὸ
1391 557 1585 641 δέμας
1596 558 1945 621 δαπανᾶται
1958 557 2235 641 ἀεργοῦν.

413 638 492 705 Η.
585 639 737 709 Ταῖς
776 640 956 708 ἰδίαις
996 643 1334 723 μελεδῶσιν
1382 641 1643 711 ἐναλλὰξ
1691 642 1930 749 ἔμσβαλε
1972 641 2234 726 τέρψεις,

570 724 784 810 Ὄφρα
799 724 1075 808 δόνησθα
1089 726 1215 811 νόῳ
1234 728 1402 810 μάλα
1429 728 1722 809 τετλάμεν
1751 749 1817 789 ον
1833 748 1965 788 τινα
1985 725 2239 810 μόχθον.

414 808 487 875 Θ.
568 810 805 874 Ἀλλου
854 811 935 893 μὴ
985 809 1176 894 ψέξῃς
1218 813 1258 894 ἦ
1303 812 1411 895 μὲν
1440 810 1658 893 λόγον,
1703 812 1782 895 ἠὲ
1828 811 1931 873 καὶ
1978 809 2180 893 ἔργον,

584 893 689 977 Μὴ
740 892 805 955 σ’
849 896 1225 978 ἐπιχλευάζῃ
1278 897 1703 979 μιμησάμενος
1743 918 1813 957 σε
1856 896 1960 957 καὶ
2002 893 2205 964 αὐτός.

412 976 458 1042 l.
568 976 763 1063 ‘'Obb’
808 976 1033 1063 ἔλαχες
1076 978 1342 1042 δέλτοισι
1386 979 1808 1064 γεγραμμένος
1853 979 2175 1061 ὑστατίῃσι

571 1061 770 1147 «Τήρει
811 1064 859 1124 τ’
906 1061 974 1126 εὖ
1016 1065 1118 1126 καὶ
1155 1063 1318 1140 ἄεξε,
1352 1066 1434 1148 μὴ
1469 1066 1500 1127 ὁ
1543 1063 2012 1147 θρυλλοῦμενος
2050 1061 2198 1146 εἴης.

412 1147 517 1212 ΙΑ.
562 1146 681 1211 ’Ὴν
723 1153 910 1231 περιῇ
961 1149 1056 1210 σοὶ
1098 1152 1384 1217 πλεῖστος
1427 1150 1490 1211 ἐν
1536 1145 1710 1234 οόδυξὶ
1753 1149 1986 1232 γήραος
2034 1146 2239 1233 ὄλβος,

584 1232 915 1317 Δαψιλέως
961 1235 1245 1315 μετάδος,
1299 1234 1353 1297 κ’
1407 1234 1481 1296 οὐ
1526 1232 1896 1318 φειδομένος
1948 1233 2239 1315 ἑτάροισι.

411 1314 515 1382 ΙΒ.
579 1315 683 1400 Μὴ
731 1316 962 1379 δούλου
1009 1323 1284 1402 χρηστῆς
1331 1320 1618 1405 ὀλιγῴρει
1668 1317 1940 1379 δέσποτα
1989 1319 2237 1401 βουλῆς.

578 1399 761 1485 Μηδέ
805 1424 964 1470 τινος
1002 1405 1275 1486 γνώμην,
1324 1405 1378 1466 εἰ
1421 1401 1745 1487 σύμφορος
1779 1401 1925 1479 ἐστ’,
1969 1401 2240 1485 ἀθέριζε.

413 1487 512 1553 ΙΓ.
581 1484 865 1569 Κτήμασι
891 1487 993 1549 καὶ
1010 1488 1220 1572 κλήρῳ
1246 1488 1349 1549 ἐὰν
1387 1488 1501 1550 οὐκ
1522 1488 1652 1570 ἐνῇ,
1679 1491 1764 1554 ὡς
1792 1487 1860 1549 τὸ
1887 1488 2086 1570 πάρος
2105 1509 2240 1570 περ,

581 1568 725 1638 Τοῖς
747 1571 931 1654 στέργ’
952 1572 1377 1648 ἀσπασίως,τὰ
1391 1572 1616 1657 χρόνος
1627 1572 1954 1650 περίλοιπα
1968 1573 2242 1654 χορηγεῖ.

411 1655 512 1721 ΙΔ.
580 1654 755 1738 Μήτε
794 1659 1052 1737 γυναῖκα
1093 1662 1311 1739 γαμεῖν
1359 1659 1615 1741 ἀφνειῆς
1661 1656 1865 1718 εἵνεκα
1910 1656 2188 1738 προικὸς,

584 1737 752 1821 Μήτ’
784 1739 970 1820 αὐτὴν
996 1740 1300 1825 κατέχειν,
1331 1742 1434 1804 ὅτε
1468 1739 1724 1825 ἄρχεται
1756 1739 1912 1803 εἶναι
1937 1739 2238 1823 ἐπαχθής.

414 1823 514 1889 ΙΕ.
583 1823 842 1886 Πολλῶν
871 1824 946 1907 δὴ
966 1827 1576 1909 ζηλῶνρταράδειγμα
1597 1824 1820 1908 μάθοις
1835 1825 1895 1886 τί
1905 1826 2006 1887 δεῖ
2018 1824 2238 1907 ἕρδειν,

580 1906 703 1971 Καὶ
724 1910 784 1970 τί
809 1913 1041 1991 φυγεῖν.
1084 1909 1290 1972 ἄλλων
1315 1910 1446 1995 βίος
1487 1910 1612 1972 ἐστι
1645 1910 2017 1975 διδάσκαλος
2039 1910 2236 1989 ἡμῶν.

411 1994 497 2065 Ic.
580 1990 717 2055 Τῶν
760 1994 1031 2055 δυνατῶν
1082 1994 1299 2067 ἅπτου,
1349 1995 1431 2078 μὴ
1480 1992 1883 2079 βριθοσύνῃσι
1927 1992 2205 2060 πιεσθεὶς

585 2076 715 2145 Πᾶς
726 2076 965 2162 μόχθος
986 2079 1299 2163 κάμνῃ,τά
1312 2103 1378 2142 τε
1397 2078 1527 2164 μὰψ
1551 2077 1861 2165 ἀρχθέντα
1877 2078 2237 2163 προλείπης.

415 2162 513 2231 ΙΖ.
576 2161 682 2245 Μὴ
729 2162 866 2243 σίγα
905 2163 1093 2247 τάπερ
1136 2164 1250 2226 οὐκ
1298 2164 1502 2249 ὀρθῶς
1527 2162 1885 2248 πραχθέντα
1934 2161 2238 2238 σόνοιδας,

583 2245 688 2329 Μὴ
734 2248 837 2309 καὶ
881 2248 1023 2316 τοὺς
1070 2249 1313 2317 δειλοὺς
1356 2248 1580 2332 δοκέῃς
1610 2251 1833 2331 ζηλοῦν
1859 2249 2008 2311 τάδε
2039 2253 2239 2330 σιγῶν.

415 2331 520 2398 lH.
577 2333 796 2402 Σώζου
844 2331 960 2394 ἐπ’·
991 2333 1285 2418 ἰθυντῆρα
1323 2334 1528 2417 κριτὴν
1576 2334 1813 2396 ἀδίκοιο
1861 2332 2104 2416 νόμοιο.

586 2415 716 2480 Καί
752 2439 818 2478 τε
859 2416 1039 2501 νόμοι
1081 2417 1380 2481 ποθέουσ’
1433 2418 1779 2501 ὀρθοῦσθαι
1814 2422 1902 2502 τῷ
1948 2417 2201 2480 ἐπεικεῖ.

415 2502 518 2568 ΙΘ.
555 2501 748 2571 ΔἌξια
796 2506 908 2563 σοῦ
953 2505 1233 2587 πάσχων,
1276 2504 1423 2566 τάδε
1470 2505 1701 2586 τολμᾷν
1740 2500 2241 2586 καρτεροθύμως.

583 2584 961 2669 Κρινόμενος
979 2588 1035 2649 δ’
1062 2588 1162 2649 ἐπὶ
1178 2592 1308 2650 σεῖο
1336 2591 1564 2671 κριτοῦ,
1579 2586 1928 2669 κατάγνωθι
1960 2590 2242 2651 σεαυτοῦ.

412 2668 489 2735 K.
588 2669 771 2732 Πόλλ’
793 2671 1225 2753 ἀναγινώσκειν
1250 2672 1667 2740 ἐπὶπλείστοις
1681 2671 1905 2733 πλείον’
1926 2670 2246 2753 ἀναγνούς.

584 2753 845 2837 Ποιηταὶ
888 2757 1219 2839 θαυμαστὰ
1262 2757 1376 2839 γὰρ
1423 2756 1568 2818 ἀλλ’
1613 2756 1686 2818 οό
1732 2755 1915 2817 πιστὰ
1971 2755 2245 2838 λέγουσι.

414 2839 548 2905 KA.
576 2836 679 2901 Ἐν
721 2843 846 2906 τοῖς
894 2841 1254 2903 συσσίτοισιν
1303 2841 1568 2924 ἑταίροις
1608 2845 1767 2925 νῆφε
1810 2840 2067 2921 λόγοισι,

587 2922 693 3007 Μὴ
758 2925 965 3001 λάλος,
1029 2925 1406 3009 εὐτράπελος
1467 2925 1701 2987 δοκέειν
1765 2927 2040 3008 μεμαὼς,
2093 2924 2242 3008 μάλ’

1637 3032 1789 3071 ακου
1843 3031 1888 3077 ς.

415 3091 549 3158 KB.
582 3092 707 3175 Τῆς
755 3092 1154 3176 ὀργιζομένης
1198 3093 1437 3179 ἀλόχου
1484 3095 1567 3177 μὴ
1618 3033 1838 3156 δείδιθϊί
1883 3091 2114 3176 φωνὰς.

582 3176 743 3240 Εῦτε
788 3181 853 3240 τὸ
893 3178 1049 3260 θῆλυ
1095 3183 1234 3261 γοᾷ,
1279 3179 1564 3262 δακρύοις
1598 3179 1828 3262 ἵστησιν
1868 3176 2143 3260 ἔνεδραν.

414 3259 543 3326 ΚΓ.
582 3260 726 3330 Τοῖς
767 3263 940 3330 ἰδίοις
975 3264 1291 3325 κτεάτεσσι
1319 3263 1502 3346 μόνον
1531 3269 1688 3348 χρῶ,
1717 3264 1799 3346 μὴ
1832 3262 1902 3324 δὲ
1927 3265 2245 3346 καταχρῶ.

586 3344 724 3408 Τῶν
771 3348 938 3409 ἰδίων
985 3348 1330 3430 δαπανηταὶ
1369 3348 1684 3412 ἐπαιτοῦσι
1727 3347 1802 3410 τὰ
1843 3345 2100 3430 θύρηφι.

417 3427 554 3494 ΚΔ.
591 3428 914 3513 Γυμνάζου
958 3433 1040 3514 μὴ
1084 3433 1390 3515 ταρβῆσαι
1431 3434 1723 3495 θανάτοιο
1767 3431 2077 3514 τελευτὴν,

572 3510 658 3577 “H
682 3513 745 3597 γ’
776 3515 968 3599 ἐσθλὴ
987 3518 1072 3599 μὴ
1098 3516 1510 3580 ἐοῦσακακῶν
1528 3517 1721 3601 πέρας
1750 3515 2003 3599 ἐστίπερ
2023 3512 2243 3599 ἔμπης.
