2452 4186
1226 287 1345 347 122

367 457 450 517 Et
495 474 650 531 quos
683 458 947 515 habebat
980 448 1262 534 languor{
1301 477 1423 517 uno
1464 456 1761 533 temporis

367 542 672 600 Damnum
719 551 777 599 et
823 542 1080 601 salutem
1127 550 1579 618 consequuntur
1621 541 1871 618 impetu.

366 626 664 703 Princeps
705 628 913 686 tributi
958 629 1197 687 nomine
1244 629 1544 704 [cJunctas
1595 627 1812 684 civium

367 712 638 785 Delibat,
677 713 836 769 idem
880 721 1152 789 praestat
1193 723 1254 771 et
1295 722 1459 772 tutas
1506 730 1678 787 opes.

370 881 470 939 52.
561 878 657 940 Sit
695 882 817 939 dux
856 882 1089 958 peritus
1129 882 1372 941 ordines
1417 881 1772 957 disponere:

366 965 605 1023 Diurna
636 974 837 1026 castra
879 967 1101 1026 muniis
1147 966 1550 1044 distinguere:

366 1049 679 1108 Nocturna
722 1051 882 1109 vallo
932 1052 1174 1129 cingere
1215 1060 1277 1109 et
1321 1050 1626 1110 custodia:

369 1133 485 1194 cui
522 1135 678 1194 Fors
723 1137 803 1195 sit
846 1156 1094 1213 anceps,
1142 1145 1306 1194 certa
1345 1137 1558 1208 virtus,
1603 1133 1706 1209 qui
1744 1132 1909 1209 capit

369 1220 761 1292 Occasiones,
809 1222 1030 1297 quique
1079 1222 1282 1279 differt
1323 1221 1604 1298 impetus.

365 1305 567 1364 Pedes
613 1305 709 1364 sui
756 1307 836 1364 sit
877 1307 1072 1366 factus
1116 1306 1196 1364 ad
1237 1308 1443 1365 iussus
1489 1305 1682 1376 ducis,

364 1389 676 1466 Frequens
719 1392 889 1449 adire
927 1392 1124 1470 signa,
1167 1412 1311 1450 raro
1359 1408 1700 1462 excurrere,

365 1475 533 1534 Raro
574 1476 838 1553 experiri
886 1477 1136 1536 fortuita
1181 1476 1437 1554 praelia,

368 1559 493 1620 Sed
537 1580 604 1619 se
653 1563 765 1620 sub
809 1563 964 1638 ipsis
1001 1562 1309 1620 continere
1352 1561 1619 1622 sedibus.

365 1645 570 1719 Eques
611 1665 826 1721 parare
867 1648 947 1705 sit
991 1646 1152 1704 celer
1188 1647 1529 1717 victoriam,

365 1729 483 1787 Vel
529 1731 736 1789 tardus
780 1732 867 1788 ita
908 1731 989 1790 sit
1034 1732 1270 1804 cedere,
1317 1740 1382 1789 ut
1422 1731 1768 1789 constantia

368 1812 682 1873 Cunctatio
726 1816 824 1890 sit,
877 1824 936 1874 et
981 1824 1178 1875 metus
1222 1817 1532 1875 velocitas.

363 1898 690 1960 Praestent
730 1902 964 1976 utrique
1006 1909 1246 1959 mutuas
1289 1902 1454 1960 vices
1501 1900 1641 1971 sibi,

364 1984 509 2042 Dux
553 1986 894 2062 copiarum3
937 1988 1152 2063 copiae
1192 1987 1376 2045 decus
1422 1986 1613 2043 ducis.

368 2067 492 2131 Sed
536 2071 897 2148 disciplinae
943 2072 1223 2131 militaris
1269 2072 1463 2149 gloria
1500 2079 1614 2142 est,

367 2155 630 2231 Quando
680 2157 815 2214 duci
854 2157 997 2234 plus
1039 2158 1263 2230 fiditur,
1304 2176 1483 2232 quam
1531 2154 1742 2230 copiis.

367 2324 468 2384 53.
557 2324 675 2398 Qui
720 2345 964 2384 cernere
1005 2346 1196 2401 aequo
1235 2329 1431 2385 Marte
1469 2326 1933 2392 detrectaverat,-

367 2410 723 2487 Ignaviane‚
770 2413 1127 2473 consciusne
1172 2412 1409 2483 virium,

365 2504 645 2572 Angusta
684 2517 969 2573 rumpens
1014 2498 1210 2556 factus
1257 2505 1351 2556 est
1394 2495 1730 2555 audentior.

366 2578 480 2639 Cui
524 2600 634 2657 per
677 2582 1012 2662 phalanges
1054 2582 1363 2659 expedivit
1402 2582 1649 2639 exitum‘

363 2665 531 2722 Irata
574 2667 788 2740 virtus,
836 2668 931 2725 hic
972 2667 1321 2725 tremendus
1367 2667 1628 2723 maxime
1668 2672 1782 2735 est,

366 2746 564 2822 Quum
595 2751 741 2807 fecit
780 2753 1018 2811 animos
1063 2761 1229 2810 arcta
1265 2751 1622 2826 desperatio·

363 2834 464 2893 Ad
506 2834 875 2893 moliendum
922 2837 1188 2894 maxima
1229 2837 1532 2893 efficacior

364 2917 775 2979 Necessitatis
817 2940 1055 2992 norma,
1104 2940 1284 2996 quam
1333 2922 1570 2980 virtutis
1615 2928 1727 2978 est.

367 3089 469 3148 5⁴.
554 3089 773 3149 Plures
818 3091 881 3147 in
927 3092 1074 3149 urbe
1113 3092 1167 3150 si
1213 3093 1360 3150 boni
1407 3093 1548 3165 sint,
1592 3108 1775 3166 quam
1818 3086 1985 3160 mali,

365 3173 724 3247 Hominum,
769 3177 1125 3250 quibuscum
1164 3177 1470 3254 transigas
1513 3194 1729 3234 aevum
1775 3183 1964 3245 tuum,

364 3259 711 3318 Fastidiosa
754 3261 935 3319 debet
976 3280 1115 3322 esse
1157 3262 1395 3320 eiectio.
1899 3258 2126 3334 [electio
2140 3261 2199 3337 3]

366 3341 546 3415 Quod
584 3344 637 3403 si
676 3346 825 3405 boui
877 3346 1003 3405 sint
1034 3347 1323 3418 rariores,
1368 3364 1546 3419 quam
1593 3344 1761 3416 mali,

364 3428 618 3488 Frustra
661 3430 975 3508 eliguntur.
1021 3431 1146 3489 Pro
1187 3431 1422 3508 optimo
1467 3438 1561 3488 est
1599 3430 1803 3488 minus
1843 3428 2065 3489 malus.
