2452 4186
1245 291 1324 350 94

369 459 666 533 Dousius,
706 460 938 536 accepit
980 479 1132 538 gens
1174 477 1211 516 a
1251 479 1364 534 quo
1408 460 1640 518 Dousia
1683 479 1928 535 nomen,

451 545 533 603 Et
573 564 749 622 gens,
799 554 859 602 et
899 546 1121 605 veteris
1162 546 1361 621 gentis
1407 545 1567 603 avita
1611 545 1847 604 domus.

368 628 599 689 Cuncta
643 630 851 687 favent
890 630 1178 703 lacrimis,
1220 630 1538 705 sociosque
1582 631 1643 686 in
1689 631 1885 690 tristia
1931 641 2143 692 nostra

456 714 863 774 Contribuunt
899 717 1075 774 fletus
1121 716 1383 772 faemina
1426 715 1634 789 virque
1679 734 1846 775 suos.
2096 733 2107 743 '

367 802 448 859 Et
489 800 705 875 quibus
754 800 1074 860 exstiteras
1112 800 1278 858 vultu
1323 799 1419 856 vel
1461 801 1706 857 nomine
1750 811 1954 873 notus,

455 885 757 945 Omnibus
794 885 1078 962 indignus
1122 885 1423 942 contrahit
1463 904 1569 943 ora
1604 885 1789 962 rigor.

367 970 484 1028 Ille
528 970 716 1027 refert
760 970 920 1028 culto
968 970 1168 1047 largas
1214 971 1277 1027 in
1322 978 1567 1047 pectore
1615 971 1810 1029 dotes.

453 1054 634 1112 Hunc
677 1056 869 1132 tangit
910 1056 1206 1131 probitas,
1252 1063 1311 1111 et
1360 1054 1493 1113 sine
1537 1054 1673 1113 labe
1717 1056 1889 1116 fides.

367 1140 634 1199 Exactos
685 1140 837 1198 alius
883 1159 1181 1216 generoso
1230 1139 1467 1215 pumice
1514 1159 1749 1210 versus,

451 1223 625 1283 Alter
668 1225 976 1283 convictus
1025 1225 1224 1282 dulcia
1267 1226 1537 1282 membra
1576 1226 1679 1282 tui.

367 1306 653 1384 Quotque
700 1311 785 1366 tui
828 1310 1025 1366 meriti
1066 1318 1269 1386 partes
1316 1311 1380 1366 in
1419 1318 1630 1367 mente
1662 1313 1933 1384 revolvit,

455 1393 582 1452 Tot
624 1394 770 1453 iusti
820 1413 1032 1453 causas
1070 1394 1173 1452 ille
1218 1393 1436 1453 doloris
1482 1396 1680 1453 habet.

366 1481 487 1540 Ast
524 1498 635 1556 ego
676 1487 993 1538 convertor
1037 1479 1222 1538 facies
1265 1480 1539 1538 diversus
1587 1481 1651 1537 in
1693 1499 1930 1553 omnes,

455 1564 630 1622 Unde
679 1565 795 1622 mei
836 1565 1053 1623 dubius
1095 1565 1376 1625 carminis
1426 1583 1567 1622 orsa
1606 1575 1832 1641 petam,

365 1647 530 1706 Dum
574 1658 715 1723 quot
747 1649 1029 1707 virtutum
1068 1649 1250 1707 fuerit
1292 1649 1399 1707 tibi
1445 1651 1641 1727 copia,
1690 1671 1917 1729 prom0‚

422 1731 611 1805 .Quot
648 1733 895 1804 fuerint,
939 1734 1002 1791 in
1048 1743 1109 1791 te
1163 1753 1317 1809 quae
1362 1735 1561 1792 coiere
1601 1737 1781 1793 bona.

368 1816 532 1875 Hinc
574 1837 671 1875 me
700 1818 1012 1890 nobilitas,
1055 1818 1194 1876 hinc
1231 1839 1328 1876 me
1370 1828 1490 1891 tua,
1539 1839 1771 1878 summe
1812 1821 2103 1892 virorum,

451 1902 684 1975 Virtus,
739 1912 798 1960 et
832 1904 1130 1980 probitas,
1176 1913 1236 1962 et
1279 1905 1381 1980 pia
1422 1905 1544 1962 vita
1582 1907 1757 1984 rapit.

367 1986 529 2047 Nam
576 1989 685 2046 tibi
730 2007 882 2063 quae
921 1988 1179 2047 sublime
1224 2008 1415 2066 genus
1466 1999 1675 2048 natura
1723 1997 1951 2061 creato,

452 2072 622 2131 Haec
665 2073 874 2132 eadem
920 2093 1124 2134 mores
1165 2075 1594 2152 ingeniumque
1640 2075 1823 2134 dedit.

367 2162 484 2217 Ast
523 2177 911 2234 quaecunque
958 2161 1167 2219 domus
1219 2161 1403 2218 fuerit
1439 2161 1543 2218 lux
1588 2180 1804 2239 magna
1846 2161 2083 2230 beatae,

450 2243 689 2320 Ingenii
730 2244 961 2303 dociles
1007 2266 1123 2303 non
1168 2253 1371 2303 tamen
1414 2256 1634 2321 aequat
1679 2266 1849 2323 opes.

366 2328 481 2386 Est
520 2328 767 2404 aliquid,
816 2330 1041 2401 fateor3
1090 2331 1285 2388 clarae
1331 2349 1481 2404 quae
1526 2333 1723 2409 gentis
1768 2333 1841 2389 ab
1893 2337 2030 2386 ortu

453 2413 646 2473 Missa
682 2433 794 2491 per
831 2416 1176 2473 innumeros
1223 2414 1418 2492 gloria
1451 2415 1643 2494 fulget
1686 2435 1851 2488 avo3,

366 2499 446 2556 Et
488 2499 663 2557 nitidi
711 2502 954 2577 generis
996 2501 1215 2559 seriem
1259 2502 1553 2559 deducere
1594 2502 1837 2579 longam

453 2584 510 2641 A
553 2585 788 2662 magnis
836 2594 968 2643 orta
1011 2586 1329 2644 nobilitate
1374 2586 1542 2645 viris.

369 2667 491 2729 Sed
530 2671 723 2727 maior
764 2670 899 2729 laus
942 2678 1038 2728 est
1080 2671 1272 2728 titulis
1313 2691 1348 2726 a
1397 2679 1596 2728 mente
1642 2671 1848 2747 petitis

450 2750 597 2811 Non
640 2755 838 2813 sinere
878 2756 1188 2831 ingenium
1236 2755 1443 2831 stirpis
1495 2758 1730 2814 honore
1767 2755 1980 2832 premi.

367 2837 463 2896 Tu
511 2858 747 2914 quoque
793 2858 973 2915 quum
1019 2858 1244 2915 posses
1291 2842 1526 2898 censeri
1577 2842 1752 2898 laude
1804 2849 2071 2912 tuorum,

448 2926 744 2983 Auctores
792 2925 1033 3001 generis
1079 2944 1234 3000 quos
1279 2934 1417 2984 tuus
1464 2936 1630 2985 ortus
1678 2928 1876 2999 habet,

366 3006 465 3066 Ne
512 3018 610 3066 tua
654 3029 766 3085 per
808 3029 1058 3086 segnem
1103 3019 1440 3068 marcerent
1481 3020 1756 3087 tempora
1798 3013 2004 3083 vitam,

457 3091 722 3152 Sacrasti
762 3095 980 3153 Aoniis
1027 3094 1151 3153 otia
1187 3103 1318 3152 tuta
1353 3097 1574 3154 choriS.

366 3177 543 3235 Tunc
584 3177 871 3238 Cirrhaea
915 3199 1026 3238 suo
1071 3188 1393 3256 patuerunt
1432 3182 1599 3257 orgia
1647 3183 1787 3253 vati,

452 3264 532 3320 Et
569 3264 677 3322 tibi
728 3266 803 3341 de
851 3265 1027 3323 viridi
1065 3265 1222 3323 lecta
1264 3284 1485 3324 corona
1521 3267 1684 3343 iugo.

368 3349 574 3407 Prima
611 3350 720 3407 tibi
765 3351 927 3407 facili
972 3350 1185 3409 ludens
1229 3350 1443 3428 Elegia
1485 3351 1731 3409 iuventa

451 3433 657 3491 Dictat
699 3434 762 3491 in
808 3436 1071 3494 alternos
1118 3438 1301 3494 verba
1342 3445 1548 3494 coacta
1589 3437 1809 3512 pedes:

366 3518 447 3576 Et
488 3519 598 3576 tibi
643 3519 968 3579 subiiciens
1012 3521 1252 3579 blandis
1295 3521 1571 3580 incendia
1609 3521 1865 3580 flammis
