2452 4186
1280 274 1360 333 82

401 442 550 501 Non
592 442 684 498 illi
722 442 905 518 prisc'i
950 450 1245 502 certasset
1285 462 1493 501 norma
1526 440 1812 515 CratetiS,

323 573 334 583 .
402 527 551 586 Non
591 527 758 585 cuius
800 527 1045 604 spurios
1082 547 1298 587 versus
1340 547 1596 586 censura
1634 529 1889 599 notavit„

403 614 484 671 Et
531 613 703 671 laeso
744 632 782 670 a
829 612 1065 671 mendis
1113 614 1324 672 obelos
1365 613 1678 687 impressit
1722 612 2020 672 Homero-

406 697 510 758 Sic
548 697 752 755 furtim
796 705 1035 773 ereptos
1082 698 1323 757 blandis
1370 698 1705 756 nutricibus
1752 716 1949 756 annos

404 783 697 841 Erudiere
742 781 936 854 Deae,
980 783 1169 841 donec
1207 784 1299 841 vis
1347 783 1566 841 mentis
1620 783 1864 840 adultae

403 869 504 927 Ad
538 886 795 944 magnos
844 886 1086 940 censuS,
1132 868 1529 945 gravioraque
1576 875 1790 943 caepta
1828 875 2087 925 vocaret.

406 953 580 1011 Tunc
621 952 777 1023 Dea,
822 971 1000 1026 quam
1045 972 1237 1028 penes
1281 961 1376 1010 est
1418 953 1615 1011 cultae
1657 951 1945 1009 facundia
1967 952 2246 1031 linguae,

361 1083 365 1095 ,
407 1037 583 1112 Quae
627 1036 801 1096 dotes
843 1039 964 1095 oris
1011 1038 1240 1110 tribuit,
1283 1056 1652 1115 regnumque
1695 1037 2006 1112 loquendi,

405 1121 611 1179 Induit
652 1122 867 1179 Actaei
915 1142 1163 1196 puerum
1207 1122 1641 1181 Demosthenis
1685 1141 1887 1180 arma:

404 1207 653 1280 Eloquii
693 1204 961 1266 flo'rentis
1010 1227 1182 1283 opes,
1225 1215 1643 1282 momentaque
1685 1207 1851 1265 fandi

408 1292 642 1361 Tradit,
690 1300 749 1349 et
795 1292 1085 1352 attonitas
1132 1301 1321 1351 artem
1368 1312 1523 1367 quae
1567 1300 1879 1369 permovet
1922 1311 2128 1365 aures,

405 1377 795 1452 Arbitrioquc
842 1397 953 1436 suo
999 1378 1351 1436 moderatur
1391 1378 1567 1435 frena
1610 1397 1888 1436 coronae.

405 1462 525 1520 His
566 1462 756 1521 sacris
801 1460 1091 1535 imbutus,
1137 1464 1243 1535 ait,
1286 1471 1429 1539 pete
1470 1463 1682 1520 limina
1721 1463 1945 1539 legum,

409 1546 580 1619 Quae
618 1547 728 1604 tibi
767 1548 1022 1604 recludit
1068 1549 1257 1606 nostri
1299 1548 1521 1605 fiducia
1563 1549 1796 1605 ductus.

407 1631 492 1690 Ut
531 1640 767 1688 rectore
811 1651 1047 1704 carenS,
1089 1640 1148 1690 et
1190 1632 1360 1690 nullo
1409 1633 1637 1710 remige
1681 1641 1810 1690 tuta

408 1715 767 1773 Ludibrium
810 1717 978 1774 venti
1020 1718 1248 1794 puppis
1292 1719 1549 1775 iactatur
1588 1719 1650 1774 in
1691 1717 1901 1775 undis:

409 1799 512 1860 Sic
554 1801 893 1876 quicunque
941 1802 1103 1860 subit
1138 1802 1453 1860 Themidis
1507 1803 1776 1861 sacraria
1815 1802 2051 1877 Mystes

406 1885 590 1944 Lucis
635 1905 820 1963 egeus
865 1895 1135 1960 nostrae,
1190 1888 1539 1963 cunctisque
1582 1888 1890 1962 paratibus
1940 1889 2155 1962 orbus,

409 1971 583 2046 Quos
626 1973 859 2029 munire
906 1972 1103 2030 solent
1147 1973 1349 2047 pueris
1399 1973 1772 2031 discentibus
1821 1974 2039 2030 Artes:

406 2054 713 2116 Exclusus
758 2057 1083 2116 commissa
1122 2057 1269 2130 luet,
1317 2057 1476 2134 quod
1513 2065 1712 2115 mente
1756 2057 2017 2133 profana

405 2142 565 2199 Iuris
612 2142 925 2200 inaccesso
967 2144 1176 2218 posuit
1217 2144 1477 2220 vestigia
1523 2143 1689 2201 luco:

406 2227 487 2283 Et
532 2246 838 2301 nunquam
877 2228 1046 2285 visus
1093 2228 1293 2304 adytis
1337 2227 1619 2288 immittet
1663 2227 1914 2303 opertis,

410 2312 615 2368 Exere
662 2311 957 2371 vividulos
999 2313 1184 2370 animi
1233 2314 1478 2371 solertis
1522 2313 1830 2387 ocellos[‚]

409 2389 587 2455 Oare'
612 2416 782 2472 puer.
831 2405 892 2454 te
934 2398 1071 2456 iura
1110 2408 1345 2470 vocant,
1394 2417 1732 2472 arcanaque
1771 2398 1995 2474 legum,

408 2482 500 2540 Te
542 2500 654 2539 sua
694 2483 958 2539 votivum
1001 2484 1252 2542 Themis
1291 2484 1354 2541 in
1399 2482 1734 2558 penetralia
1778 2482 1980 2555 mittit,

408 2565 579 2639 Quae
621 2574 683 2624 te
720 2569 1042 2643 purpureis
1089 2570 1383 2626 insertum
1430 2568 1714 2626 Patribus
1762 2567 1908 2625 olim

409 2649 689 2727 Signabit
724 2653 977 2726 meritis,
1019 2673 1340 2729 rerumque
1381 2654 1657 2729 imponet
1696 2652 1972 2712 habenis·

408 2735 597 2794 Disce
642 2738 778 2811 quis
824 2738 1014 2796 officii
1051 2738 1253 2809 limes,
1313 2757 1468 2814 quae
1507 2737 1720 2815 regula
1761 2738 1932 2810 recti,

408 2820 561 2893 Quis
603 2821 769 2879 licito
817 2822 980 2895 finis,
1026 2823 1275 2880 vetitum
1317 2841 1470 2897 quae
1513 2842 1717 2898 poena
1760 2831 2078 2898 sequatur:

408 2905 635 2980 Qualia
669 2907 764 2964 bis
813 2908 978 2965 senis
1020 2907 1244 2965 tabulis
1299 2927 1558 2966 sanxere
1602 2906 1890 2980 QuiriteS,

405 2995 531 3049 Aut
571 2990 882 3048 Praetoris
926 2992 1147 3065 honos,
1192 3000 1296 3050 aut
1339 2991 1624 3051 Caesaris
1667 2993 1791 3049 alta
1828 3000 2126 3070 potestas.

406 3076 657 3134 Artibus
706 3076 906 3133 excita
949 3077 1042 3134 his
1090 3078 1368 3137 homines
1416 3081 1678 3136 Astraea
1717 3078 1950 3150 revisit,

404 3160 772 3218 Praetulerit
817 3162 1092 3236 quamvis
1136 3163 1335 3221 telluri
1375 3163 1597 3235 sidera,
1640 3170 1960 3239 postquam

407 3248 614 3303 Aurea
651 3246 911 3304 deterius
955 3247 1187 3312 vitiavit
1229 3249 1397 3306 secla
1442 3248 1769 3306 metallum.

410 3329 528 3388 His
573 3349 811 3405 quoque
855 3332 1166 3390 barbarico
1206 3333 1615 3407 squallescere
1664 3333 1873 3391 secula
1911 3334 2032 3390 ritu

407 3414 782 3485 Dediscunt3
830 3425 910 3488 et,
956 3418 1058 3492 qui
1103 3418 1297 3476 voluit
1338 3419 1579 3475 feritate
1621 3418 1838 3490 timeri,

404 3500 551 3557 Iura
598 3500 780 3558 timet.
826 3487 1130 3576 Validum,
1177 3504 1499 3578 saevisque
1543 3504 1850 3579 potentius
1900 3504 2112 3578 armiS‚
