2452 4186
1300 301 1381 359 70

877 469 931 526 4.
1020 471 1097 526 In
1142 474 1378 528 eundem
1417 470 1819 545 Epitaphium.

433 552 557 612 Cur
599 554 709 610 hoc
743 553 995 613 Hem-ici
1040 563 1181 613 sunt
1223 554 1461 613 condita
1501 555 1738 612 viscera
1780 555 1997 624 bust03

516 641 632 697 Ast
671 639 775 695 alii
820 640 1007 697 cessit
1057 658 1277 716 corpus
1321 641 1502 697 inane
1550 639 1724 697 solo?

429 723 570 784 Una
608 724 817 782 domus
858 732 1041 781 totam
1087 745 1266 799 quam
1315 744 1433 782 non
1480 724 1643 800 capit
1686 725 1833 782 orbe
1877 723 2138 796 ruinam,

514 809 650 867 Uno
695 828 819 867 non
861 810 1056 886 potuit
1098 809 1289 867 limite
1329 818 1460 867 tota
1507 809 1660 884 capi.

432 979 489 1033 ὃ.
579 978 925 1051 Epicedium
966 979 1212 1036 Lodoiei
1260 968 1527 1037 Castanei
1558 979 1797 1052 Equitis
1844 979 2015 1052 Torq.
2066 979 2269 1056 Regii.

430 1060 668 1119 Tristes
710 1063 1023 1137 exequias,
1068 1065 1324 1122 miseras
1370 1062 1672 1140 surgentis
1718 1062 1957 1138 Ephebi

432 1144 592 1221 Spes
636 1147 1003 1224 interceptas
1048 1149 1109 1207 in
1154 1149 1351 1224 primo
1396 1149 1543 1205 flore
1582 1147 1881 1217 iuventae,

428 1231 753 1289 Defleram.
799 1234 1067 1290 nondum
1110 1234 1258 1292 coiit
1302 1234 1626 1291 manifesta
1665 1233 1930 1289 cicatrix.

428 1316 735 1379 Funestos
771 1317 986 1375 iterum
1026 1338 1335 1391 numeros,
1384 1326 1443 1375 et
1482 1318 1652 1375 triste
1698 1317 1922 1375 doloris

426 1401 750 1459 Poscimur
795 1403 1080 1460 officium.
1135 1405 1449 1462 Lacrimas
1495 1391 1901 1478 impendimus
1943 1403 2127 1461 orbo:

428 1487 708 1545 Extincto
753 1487 961 1546 demus
1007 1489 1308 1547 lacrimas.
1346 1489 1694 1546 Durissima
1734 1488 1866 1544 iura

426 1570 737 1643 Fatorum,
783 1572 922 1629 ludo
960 1574 1228 1631 nondum
1276 1575 1495 1631 satiata
1539 1579 1804 1643 cruentO,

426 1634 640 1727 Estne,
685 1657 846 1730 quod
884 1657 946 1712 in
993 1658 1188 1716 claras
1231 1657 1597 1734 praelustria
1639 1657 1902 1713 culmina
1947 1658 2129 1715 sedes

427 1738 573 1797 Non
614 1740 793 1799 liceat
836 1742 1034 1814 vobis,
1081 1744 1133 1800 si
1174 1762 1288 1800 nec
1333 1744 1547 1801 domus
1593 1762 1715 1798 una
1758 1749 1853 1800 sat
1896 1762 2017 1799 uno

426 1824 722 1901 Fungitur
755 1827 981 1884 exitio?
1024 1827 1233 1886 Testis
1277 1837 1570 1901 natusque
1614 1836 1934 1902 paterque:

426 1911 621 1968 Marte
659 1912 828 1987 prior
871 1921 1071 1985 natuS,
1117 1914 1316 1971 morbi
1356 1921 1528 1989 pater
1576 1913 1825 1970 obrutus
1865 1921 2058 1983 aestu,

430 1995 660 2054 Ordine
707 1998 946 2055 turbato
985 1999 1110 2056 nati
1156 2017 1363 2056 comes
1406 1997 1644 2054 additus
1684 1996 1935 2055 umbris,

428 2078 533 2140 Sic
572 2087 759 2140 tortus
800 2082 1016 2158 rapido
1064 2092 1381 2141 ventorum
1424 2082 1663 2140 turbine
1703 2090 1920 2141 vortex

369 2218 375 2224 .
426 2166 732 2225 Arboreos
773 2168 1032 2243 primum
1077 2188 1299 2240 ramOS,
1353 2169 1417 2225 ¹et
1461 2163 1669 2224 matris
1718 2186 1946 2244 opacae

429 2249 679 2310 Summa
721 2253 876 2328 petit
922 2254 1250 2329 stringens,
1296 2272 1436 2310 mox
1480 2252 1763 2328 ipsama
1794 2253 2088 2327 stirpibus
2109 2250 2271 2312 imis

425 2336 679 2408 Evertit,
727 2344 1029 2413 totamque
1072 2337 1333 2397 advolvit
1374 2337 1675 2395 montibus
1721 2357 1946 2394 ornum.

428 2421 602 2496 Quae
645 2423 814 2497 prius
857 2424 1073 2481 insano
1113 2442 1392 2499 rumpam
1436 2421 1713 2480 convicia
1751 2422 2036 2498 planctu?

426 2505 590 2581 Quid
630 2509 884 2581 querar?
927 2509 1086 2565 unde
1133 2528 1270 2566 meo
1319 2520 1607 2582 quaestus
1651 2515 1721 2563 ac
1764 2508 1945 2564 verba
1991 2505 2182 2564 dolori

429 2588 788 2649 Sufficiam?
827 2602 1029 2669 stupet
1068 2612 1206 2650 ecce
1255 2613 1405 2650 novo
1446 2610 1617 2649 mens
1665 2593 1864 2650 obsita
1901 2591 2088 2663 luctu,

422 2673 579 2746 Nec,
617 2677 759 2750 quid
804 2686 1059 2753 promat,
1104 2679 1307 2748 habet,
1352 2677 1492 2733 dum
1520 2686 1711 2734 semet
1741 2678 1801 2733 in
1826 2677 2029 2735 omnia
2053 2676 2266 2734 vertit.-

426 2757 674 2818 Scilicet
722 2761 996 2820 effabor?
1039 2763 1224 2820 tantis
1270 2763 1385 2819 sim
1427 2761 1688 2819 luctibus
1730 2762 1947 2838 impar.

324 2917 327 2922 ᾖ
422 2844 693 2901 Vulnera
727 2846 1142 2904 dissimulem?
1186 2847 1432 2918 misero,
1474 2848 1871 2921 quodcunque
1911 2855 2143 2904 tacetur

421 2929 641 2990 Acrius
688 2930 930 2988 insidit:
971 2931 1253 3005 luctuque
1302 2951 1597 3007 expressa
1640 2933 1886 3006 querela

422 3015 698 3073 Infantes
742 3017 969 3091 promit
1003 3015 1284 3093 gemitus,
1332 3036 1402 3074 ac
1447 3036 1753 3074 murmura
1794 3026 2023 3075 trunca.

423 3100 629 3176 Ipsae,
676 3121 828 3175 quae
870 3110 1111 3160 nostros
1155 3102 1375 3161 solitae
1421 3102 1683 3159 mulcere
1730 3102 1991 3174 laboreS,

420 3185 519 3244 Ad
564 3203 715 3259 quas
760 3187 1096 3263 perfugium
1145 3187 1308 3246 duris
1354 3188 1416 3243 in
1452 3188 1632 3244 rebus
1677 3189 1997 3259 habebam,

419 3270 806 3328 Praeduxere
852 3273 1032 3331 situm
1079 3273 1457 3346 squalentem
1503 3290 1574 3328 ac
1615 3272 1825 3329 nubila
1865 3273 2080 3345 menti,

419 3353 557 3412 Nec
593 3374 732 3412 mea
773 3366 1134 3432 responsant
1176 3358 1391 3415 faciles
1439 3356 1514 3413 ad
1554 3365 1700 3414 vota
1743 3355 2074 3415 Camenae.

422 3438 699 3516 Septima
738 3440 858 3497 iam
906 3443 1099 3500 reficit
1141 3444 1417 3500 Lunares
1462 3442 1656 3499 orbita
1699 3444 1992 3518 cursus[,]

421 3523 572 3585 Cum
616 3526 782 3583 dirae
830 3528 1034 3587 mortis
1076 3528 1347 3603 trepidas
1391 3526 1537 3584 mihi
1585 3528 1837 3586 nuncius
1881 3545 2064 3585 aures
