2452 4186
1161 289 1348 379 73⁴

279 458 437 531 Quid
482 457 746 513 referam
795 454 976 513 nullis
1023 456 1461 516 indelassabile
1506 475 1722 533 corpus

278 544 535 613 Usibus,
579 548 641 598 et
677 542 920 617 patiens
966 560 1149 599 aurae
1190 542 1493 619 glacialis,
1542 550 1604 599 et
1637 544 1892 600 aestus?

281 628 439 700 Quid
481 627 679 685 somni
715 626 1015 684 immunes
1056 627 1308 686 oculos?
1349 628 1489 701 quid
1536 628 1807 684 membra
1850 628 2055 688 labore

284 711 630 787 Campestri
673 711 907 782 durata,
949 731 1061 769 nec
1107 713 1211 769 uni
1258 723 1401 770 nata
1442 712 1833 787 palaestrae?

281 798 478 871 thue
522 796 666 853 illae
708 796 876 853 dotes
924 797 1246 854 vincebant
1290 805 1550 857 caetera.
1591 797 1676 854 ita
1726 816 1880 855 unus

286 883 525 939 Vicerat
566 882 678 939 has
729 880 965 939 animus
1011 901 1313 959 generoso
1361 883 1637 940 incoctus
1683 882 1963 955 honeste,

286 968 564 1040 Puraque
609 985 784 1043 mens
830 965 982 1023 nulli
1026 968 1302 1025 vitiorum
1344 968 1559 1044 pervia
1598 966 1745 1038 labi,

286 1054 366 1111 Et
404 1051 556 1108 recti
598 1050 891 1122 retinenS‚
936 1060 997 1108 et
1038 1053 1265 1109 vindex
1307 1053 1537 1110 fraudis
1574 1071 1816 1124 avarae,

290 1137 438 1195 Tum
489 1136 705 1212 pudor,
745 1144 807 1192 et
851 1154 1049 1195 mores
1087 1138 1309 1213 priscis
1359 1137 1663 1196 Heroibus
1707 1138 1907 1211 aequi,

286 1224 366 1281 Et
400 1230 609 1278 castae
654 1220 919 1297 gravitas
964 1241 1081 1278 non
1127 1222 1412 1279 affectata
1454 1220 1756 1295 loquelae:

291 1306 505 1367 Sobria
549 1306 912 1381 temperies:
957 1307 1130 1364 frons
1175 1327 1301 1364 non
1348 1307 1508 1363 elata
1547 1306 1908 1381 secundis[‚]

287 1391 417 1450 No]
459 1391 695 1448 deiecta
739 1390 940 1462 malis,
982 1392 1288 1467 mediique
1329 1393 1390 1448 in
1436 1399 1687 1465 utroque
1731 1399 1989 1449 tenores.

290 1479 524 1536 Inerea
565 1494 825 1552 magnae
870 1476 1110 1553 legatus
1157 1477 1436 1552 poscitur
1473 1474 1647 1547 Urbi,

293 1562 529 1636 Sqitem
579 1580 735 1635 quae
778 1581 900 1618 una
937 1562 1057 1619 sibi
1104 1562 1337 1638 gremio
1384 1560 1801 1634 complectitur
1845 1579 2037 1618 arces·

294 1648 611 1722 Quaeritur
656 1665 688 1702 e
729 1646 929 1703 medio
971 1665 1317 1722 procerum,
1368 1664 1525 1720 quae
1567 1646 1836 1702 maxima
1878 1654 2049 1703 tanto

291 1736 444 1808 Apta
484 1731 648 1788 foret
688 1731 894 1788 cervix
938 1732 1124 1789 oneri.
1176 1732 1315 1788 Tua
1361 1732 1601 1808 cognita
1643 1731 1833 1787 virtus

291 1817 418 1875 Nm
461 1825 559 1874 est
600 1835 792 1891 passa
835 1816 934 1872 diu
980 1825 1245 1874 mentem
1291 1825 1505 1873 nutare
1548 1815 1813 1892 legentis

292 1901 610 1976 Principis,
658 1910 762 1957 aut
800 1920 1117 1976 procerum
1160 1901 1404 1958 faelicia
1442 1908 1588 1959 vota
1629 1900 1875 1958 morari.

294 1987 571 2045 Mtteris:
614 1985 674 2042 et
713 2005 895 2061 quam
944 1995 1108 2045 certa
1147 1987 1326 2057 fides,
1373 2005 1554 2063 quam
1603 1986 1852 2060 provida
1893 2004 2058 2056 cura,

293 2077 401 2133 Aut
444 2081 552 2128 tua
593 2090 747 2145 quae
795 2072 976 2129 fuerit
1014 2072 1214 2131 claros
1265 2079 1542 2149 spectata
1579 2090 1691 2147 per
1740 2079 1910 2130 actus

297 2157 616 2228 sedulitas,
660 2158 855 2215 sensit
899 2157 1221 2233 Princeps,
1264 2159 1471 2215 videre
1515 2155 1803 2229 Quirites.

297 2242 439 2313 Quin
485 2243 670 2300 etiam
714 2243 1071 2316 obsequium
1115 2243 1305 2318 longa
1344 2243 1407 2300 in
1454 2242 1717 2301 statione
1759 2249 2015 2312 teneret,

294 2327 546 2399 OEantus
592 2347 759 2384 amor
795 2327 998 2403 Regni
1045 2336 1160 2399 est,
1204 2337 1376 2385 tanta
1423 2336 1520 2385 est
1542 2327 1882 2384 reverentia
1900 2326 2119 2405 Regis)

298 2412 617 2472 Emeritum
663 2412 784 2470 nisi
823 2412 967 2483 iam,
1011 2412 1272 2470 lustrum
1314 2412 1702 2470 volventibus
1747 2412 1948 2481 annis,

295 2499 484 2555 ioma
526 2498 885 2554 redonatum
931 2498 1125 2573 patrio
1170 2507 1231 2555 te
1274 2498 1556 2556 redderet
1599 2496 1753 2553 orbi.

374 2583 513 2639 Vita
556 2584 758 2640 bonae
805 2583 977 2658 pacis
1028 2582 1240 2639 dulces
1289 2583 1522 2658 agitata
1564 2599 1677 2655 per
1719 2599 1866 2639 usus

277 2666 685 2743 Militiamque
729 2668 932 2737 aulae,
972 2668 1174 2742 potuit
1218 2666 1546 2740 tranquilla
1584 2665 1776 2723 videri

277 2752 621 2811 Hactenus.
664 2751 826 2809 Hinc
868 2752 1037 2809 crudi
1083 2753 1301 2810 studiis
1353 2752 1624 2810 exercita
1666 2751 1881 2808 Martis

278 2836 549 2897 Caetera
591 2837 820 2895 loricae
864 2838 977 2895 sub
1023 2839 1298 2913 pondere
1345 2837 1548 2895 canuit
1584 2844 1774 2894 aetas.

278 2922 437 2994 Quis
485 2931 783 2980 memoret
829 2940 1004 2980 curas
1052 2922 1261 2995 animi,
1309 2922 1660 2982 discrimina
1704 2922 1886 2994 vitae,

283 3008 416 3068 Sub
455 3008 607 3065 Iove
652 3008 896 3065 duratas
948 3007 1197 3066 hiberno
1244 3009 1441 3067 sidere
1483 3019 1713 3078 noctes,

286 3097 486 3166 Atque
529 3093 913 3168 intempestis
961 3094 1231 3167 equitata
1274 3093 1588 3152 cacumina
1632 3090 1856 3149 nimbis

292 3178 574 3238 3¹0rtibus
619 3178 831 3235 induto
874 3177 1135 3255 rigidum
1179 3179 1426 3240 thoraca
1466 3176 1735 3246 lacertis,

295 3264 543 3339 Degenti
586 3272 838 3335 turmas,
880 3261 1161 3338 implenti
1204 3263 1412 3319 munia
1454 3260 1659 3337 magni

296 3347 506 3407 viilitis
539 3357 731 3426 ‘atque
777 3347 993 3405 ducis?
1038 3346 1337 3405 Lemovix
1381 3354 1618 3404 rectore
1666 3346 1912 3402 carebat

298 3433 523 3505 limes,
566 3434 909 3506 Aquitanae
950 3431 1235 3490 scindens
1282 3431 1550 3489 confinia
1589 3440 1808 3502 terrae,

302 3518 598 3593 Fempore
637 3536 759 3593 quo
801 3516 1014 3593 Stygio
1060 3525 1241 3593 caput
1283 3516 1613 3574 extollebat
1654 3517 1730 3574 ab
1777 3523 1952 3573 antro
