2452 4186
1115 273 1195 332 95

325 440 527 518 Saepe
569 438 909 516 Cupidineo
950 441 1199 499 ventilat
1237 442 1376 519 igne
1418 442 1601 502 faces.

241 527 320 584 Et
365 525 521 600 quod
566 543 733 583 ames
775 543 1035 602 semper,
1083 545 1325 602 semper
1365 529 1528 602 quod
1554 527 1820 586 scribere
1839 531 2070 606 possis,

324 611 644 670 Materiam
689 611 882 667 teneri
927 610 1098 670 lusor
1141 612 1388 670 Amoris
1432 613 1642 671 habes.

241 695 377 755 Nec
420 706 623 753 tamen
669 694 815 752 exili
856 714 1098 753 carmen
1143 697 1441 755 deducere
1485 698 1592 756 filo

324 782 439 839 Est
485 780 658 852 satis,
705 788 765 837 et
804 781 970 839 senis
1017 783 1266 857 iungere
1311 783 1572 858 quinque
1611 782 1822 858 pedes,

240 864 339 924 Ne
383 884 639 943 regnum
684 865 966 936 Veneris,
1006 867 1294 942 puerique
1341 866 1659 944 Cupidinis
1697 887 1869 927 arcus

326 949 590 1009 Carmen
632 950 798 1008 iners
840 950 1074 1027 Elegis‚
1117 969 1415 1027 causaque
1462 971 1617 1010 vana
1665 953 1837 1010 foret.

241 1035 558 1094 Historiae
600 1035 833 1111 patriae
877 1037 1287 1095 monumentis
1327 1045 1496 1094 eruta
1532 1037 1775 1113 priscis,

328 1120 650 1180 Clarorum
689 1138 941 1189 revocas
983 1121 1165 1179 fortia
1208 1123 1367 1179 facta
1410 1122 1645 1180 ducum.

240 1206 431 1281 quue
480 1205 591 1263 tibi
635 1206 813 1262 debet
856 1206 1087 1282 patriae
1130 1208 1293 1281 quod
1336 1215 1512 1285 gesta
1555 1208 1818 1265 Batavus

325 1290 512 1348 Nunc
554 1298 741 1363 tenet,
783 1291 847 1347 in
882 1291 1082 1366 patria
1123 1293 1225 1366 qui
1267 1293 1436 1368 prius
1480 1293 1703 1368 hospes
1745 1300 1889 1349 erat.

242 1374 409 1449 Quid
443 1376 704 1433 referam
749 1375 970 1451 Lyrico
1009 1376 1318 1434 modulata
1359 1386 1644 1453 poemata
1684 1377 1919 1453 plectro

323 1460 461 1519 Nec
502 1460 662 1517 male
707 1467 996 1519 tentatum
1046 1462 1246 1519 nobile
1294 1481 1535 1520 carmen
1581 1462 1801 1537 Epos?

238 1545 350 1622 Nil
396 1546 503 1603 tibi
545 1545 743 1603 felicis
772 1609 777 1613 ‚
788 1546 952 1622 genii
1000 1554 1211 1604 natura
1253 1546 1494 1623 negavit

326 1630 512 1690 Utilis
557 1630 636 1687 ad
678 1629 853 1688 nitidi
893 1632 1176 1690 carminis
1222 1652 1403 1690 omne
1446 1650 1657 1709 genus.

239 1716 362 1775 His
410 1716 521 1773 tibi
556 1716 917 1774 transmissa
960 1724 1056 1774 est
1098 1717 1234 1774 aevi
1271 1737 1416 1793 pars
1457 1717 1659 1794 prima
1700 1716 1920 1790 quietis

326 1801 651 1873 Passibus‚
699 1808 759 1857 et
795 1801 1113 1876 strepitum
1158 1823 1285 1860 non
1327 1803 1589 1860 faciente
1629 1801 1839 1879 gradu.

238 1887 322 1945 Et
360 1886 502 1943 licet
542 1886 790 1963 ingenui
832 1904 1115 1944 secessus
1159 1888 1286 1945 otia
1327 1905 1625 1962 quaerens

326 1971 639 2029 Ventosae
676 1971 944 2048 fugitans
987 1971 1339 2031 ambitionis
1385 1990 1544 2043 eras,

239 2056 336 2115 Te
373 2064 577 2114 tamen
623 2057 877 2114 accitum
917 2066 1128 2116 sancta
1170 2058 1236 2115 in
1278 2056 1538 2135 collegia
1577 2056 1828 2115 Patrum

332 2142 616 2217 Quinque
657 2143 753 2201 bis
800 2151 1156 2200 annumerat
1201 2142 1383 2202 Curia
1427 2161 1664 2201 summa
1700 2141 1866 2199 viris.
1915 2167 1916 2176 ¹

240 2226 379 2286 Nec
423 2227 626 2285 minus
676 2246 949 2284 erronem
993 2228 1195 2286 civilia
1236 2237 1436 2286 castra
1478 2235 1829 2302 sequentem

325 2312 566 2370 Aoniae
601 2322 893 2372 revocant
927 2313 1003 2370 ad
1049 2333 1158 2372 sua
1197 2314 1372 2390 signa
1417 2313 1593 2369 deae:

240 2397 326 2456 Et
367 2416 549 2471 quum
593 2397 852 2473 prolatis
896 2398 1152 2457 redeunt
1193 2398 1420 2455 diludia
1461 2398 1670 2466 rebus,

332 2480 636 2557 Quidquid
683 2483 998 2540 innumera
1036 2483 1143 2540 lite
1188 2501 1401 2540 vacare
1453 2480 1701 2555 datur[‚]

243 2567 344 2624 Ad
385 2567 625 2626 Phoebi
667 2576 920 2637 secreta,
962 2568 1049 2625 tui
1092 2588 1215 2625 non
1258 2567 1568 2645 transfuga
1617 2566 1830 2635 moris,

330 2652 412 2709 Et
454 2662 692 2718 veteres
738 2653 955 2725 calma,
1006 2661 1066 2711 et
1102 2661 1205 2711 tua
1251 2671 1421 2711 sacra
1464 2651 1647 2709 redis.

242 2736 327 2793 Et
368 2737 511 2794 licet
567 2738 829 2795 officium
876 2738 1102 2814 rigidos
1150 2738 1393 2796 abducit
1436 2737 1499 2795 in
1538 2744 1729 2807 actm,

330 2821 424 2879 Te
470 2832 672 2879 tamen
712 2823 777 2881 in
824 2822 1024 2881 medio
1069 2842 1241 2882 mens
1287 2823 1588 2881 Helicone
1636 2822 1809 2879 locat.

239 2904 380 2965 Nec
423 2908 613 2983 pudet
651 2909 880 2985 argutis
925 2908 1376 2986 Epigrammata
1417 2908 1624 2966 ludere
1665 2906 1842 2983 nugis

333 2992 501 3050 Inter
544 2992 799 3051 clamosi
835 2993 1062 3068 praelia
1102 2996 1250 3052 dura
1290 2995 1430 3053 fori.

241 3077 526 3152 Denique
573 3095 754 3152 quum
802 3097 1084 3155 magnum
1129 3080 1304 3138 vivus
1354 3080 1439 3137 sis
1484 3095 1708 3136 nomen
1745 3077 2018 3151 adeptus,

332 3163 530 3221 Maius
568 3163 644 3220 ab
685 3164 958 3239 exequiis
998 3164 1174 3238 quale
1218 3183 1333 3221 nec
1371 3163 1531 3221 ullus
1579 3163 1781 3233 habet,

242 3251 340 3306 Ac
378 3255 440 3305 te
488 3248 734 3325 grandis
782 3249 983 3307 honos
1028 3250 1262 3308 volucri
1310 3267 1492 3323 super
1535 3248 1777 3305 aethera
1817 3247 1997 3317 fama,

332 3334 412 3392 Et
460 3352 661 3407 penna
689 3334 876 3391 fatum
919 3354 1044 3392 non
1087 3341 1391 3391 metuente
1437 3334 1636 3405 vehat,

243 3416 394 3477 Non
444 3418 643 3477 minor
681 3419 930 3478 innocui
975 3419 1122 3477 vitio
1168 3419 1520 3493 maculaque
1567 3417 1849 3488 carentiS‚

338 3502 531 3577 Quam
576 3505 978 3563 consummati
1015 3504 1148 3563 laus
1193 3504 1302 3562 tibi
1347 3504 1500 3562 vatis
1548 3504 1737 3561 adest.
