2452 4186
1121 314 1262 373 '347

283 474 454 550 Quae
496 496 682 554 saepe
727 480 1088 541 solabantur
1129 485 1443 561 hospitum
1485 504 1702 545 canum

279 562 529 621 Famem
574 565 871 623 furentem
914 569 1238 641 exercitus,
1286 588 1419 627 cum
1472 573 1747 631 venerint

284 647 552 708 Sithonis
596 650 712 706 uda
757 650 834 707 ad
879 651 1042 710 filiae
1064 653 1324 713 cubilia.

279 737 479 808 Atque
524 753 849 792 aenearum
886 739 1275 811 panuclarum
1315 740 1573 798 stamine

283 819 449 878 Olim
494 818 791 877 librat-unt
825 820 947 879 ista
983 823 1251 901 virgines
1298 843 1471 883 anus.

282 902 686 981 Caephasque
726 912 851 962 tum
893 907 1274 982 Praxander‚
1318 909 1461 969 ullis
1505 910 1761 970 navibus

277 988 426 1047 Non
477 989 868 1065 imperantes,
910 993 1111 1067 plebis
1153 995 1473 1053 obscurum
1518 1014 1732 1073 genus,

278 1074 358 1133 Et
395 1073 664 1150 quinque
702 1076 898 1149 quarti
938 1085 1082 1152 post
1121 1088 1333 1155 petent
1377 1088 1594 1138 terram
1642 1081 1791 1139 deae

279 1157 515 1235 Golgos
558 1160 844 1232 tenentis,
887 1162 987 1219 bic
1022 1163 1269 1222 Lacona
1314 1166 1646 1223 exercitum

276 1243 555 1301 Ductans
600 1243 967 1321 Therapnis,
1012 1248 1165 1306 alter
1204 1257 1406 1306 autem
1449 1251 1525 1308 ab
1574 1250 1770 1309 Oleno

276 1326 596 1404 Dymeque
636 1328 862 1387 Buraei
905 1332 1290 1409 imperato[r]
1332 1335 1614 1411 agminis.

275 1418 358 1471 At
399 1413 829 1490 Argyrippam,
875 1416 1248 1476 Dauniorum
1290 1419 1660 1492 haeredium,

276 1498 372 1556 Ad
417 1499 760 1557 Ausoniten
807 1501 1095 1559 excitabit
1135 1503 1522 1578 Phylamum,

275 1587 443 1642 Aves
489 1582 728 1642 sodales
773 1588 1042 1644 membra
1085 1588 1425 1664 plumantes
1466 1590 1681 1649 videns

272 1668 445 1726 Fatis
493 1669 738 1740 amariS,
782 1671 884 1744 qui
926 1681 1197 1729 natatum
1246 1674 1568 1747 aquatilem

275 1753 523 1829 Degent
560 1752 622 1810 in
668 1754 817 1825 alto,
861 1775 1028 1814 more
1075 1758 1437 1833 piscantum,
1483 1760 1664 1832 mari,

277 1836 523 1897 Similes
564 1838 755 1915 figura
794 1842 1014 1900 caesiis
1064 1842 1370 1902 oloribus:

274 1922 641 1997 Rostrisque
688 1943 935 2000 spumas
978 1935 1353 2004 aucupantes
1397 1928 1675 2002 piscium,

273 2006 467 2066 Ducis
511 2009 804 2066 tenebunt
846 2010 1109 2071 insulam
1156 2013 1605 2089 cognominem,
1687 2041 1698 2050 „

273 2093 743 2152 Theatriformis
788 2096 971 2172 inque
1019 2099 1261 2158 clitellis
1306 2099 1429 2175 iugi

271 2178 456 2238 Vicos
503 2187 780 2237 secantes
816 2201 1045 2258 perque
1084 2183 1403 2242 distinctas
1447 2185 1579 2242 vias

271 2263 503 2322 Iunctis
544 2265 836 2336 tabernis,
880 2284 995 2339 quo
1040 2269 1209 2344 prius
1257 2269 1485 2326 Zethus
1528 2269 1739 2326 modo:

273 2347 587 2424 Simulque
624 2356 839 2425 pastus
886 2359 946 2407 et
987 2351 1167 2420 simul
1213 2353 1439 2410 cubilia

266 2433 476 2492 Noctu
506 2434 802 2513 ‘rebitent,
844 2437 1043 2511 gentis
1088 2456 1326 2494 omnem
1373 2437 1668 2494 barbarae

271 2517 524 2577 Coetum
571 2526 876 2592 caventes,
918 2521 1101 2595 inque
1143 2520 1515 2580 Graecorum
1554 2522 1758 2598 peplis

270 2602 534 2681 Cognati
577 2613 846 2663 amantes
892 2606 1083 2663 ocium
1125 2604 1304 2664 cicur‘
1337 2607 1539 2683 sinus:

266 2689 576 2764 Manuque
613 2690 689 2746 ab
727 2690 1036 2767 insipante
1079 2693 1304 2768 pultem
1344 2692 1587 2767 prandii

270 2773 473 2832 Offam
521 2774 809 2850 polentae
851 2776 1137 2835 blandum
1189 2777 1508 2836 adulantes
1554 2777 1753 2848 edent,

266 2858 447 2916 Vitae
484 2859 709 2934 prioris
752 2879 875 2918 non
926 2861 1121 2919 adhuc
1159 2862 1386 2920 oblivii.

263 2943 490 3001 Verum
535 2943 842 3003 Liburnae
885 2945 1124 3018 vulnus,
1167 2947 1393 3005 erroris
1440 2947 1577 3023 vagi

263 3029 398 3087 Erit
437 3028 880 3104 minaciumque
929 3049 1117 3089 causa
1160 3032 1450 3103 luctuum,

261 3113 510 3173 Procax
552 3115 761 3172 virosa
802 3134 935 3173 cum
981 3116 1255 3174 catulliet
1293 3115 1441 3192 lupa

262 3199 442 3258 Asilo
475 3200 720 3271 amoris,
770 3208 830 3257 et
872 3201 1140 3259 bidental
1186 3201 1444 3259 Nortiae

262 3281 574 3341 Defendet
613 3285 837 3361 ipsum,
878 3286 1181 3344 victimam
1228 3286 1364 3344 novi
1409 3285 1585 3342 sacri.

262 3367 745 3444 Colossicusque
789 3371 852 3427 in
889 3373 1203 3429 Ausonum
1249 3370 1587 3448 pomoeriis

267 3451 475 3525 Stans,
517 3454 694 3513 fabra
738 3456 914 3514 sistet
957 3457 1222 3515 membra
1271 3474 1458 3514 saxeo
1506 3473 1691 3531 super

266 3536 621 3615 Campsoris
663 3541 1115 3600 Architectonis
1156 3540 1506 3612 statumine,

2107 1248 2211 1301 590

2106 1678 2208 1732 595

2099 2535 2203 2590 605

2096 2948 2200 3001 610

2094 3377 2196 3429 615
