2452 4186
1125 266 1214 329 39

267 434 409 496 οὐδὲ
451 404 658 496 πόνων
706 433 1058 516 συνέταιρος
1099 434 1160 497 ἐν
1213 434 1412 519 ὄρφνῃ
1461 432 1686 517 λύχνος
1731 431 2004 520 ἀπέσβη·

266 519 597 585 Διπλοΐδας
641 517 754 601 γὰρ
801 519 1020 586 πάντες
1061 519 1419 586 ἐπαλέαςά
1426 517 1804 602 μ.φιένυνται

265 604 364 665 καί
405 605 463 664 οἱ
507 602 642 671 ἅλις
683 605 1030 686 γλαφυραῖς
1063 606 1285 686 χηλοῖς
1329 601 1417 665 ἔνι
1426 544 1828 684 μισιγαλύεντα

265 710 541 771 πορφυρε
512 686 668 748 ὀισι
704 688 957 769 τάπησιν
1012 689 1315 771 ἐπήτριμα
1361 689 1551 771 ρήγεα
1593 691 1805 749 κεῖται.

265 776 439 834 πᾶσιν
489 772 924 868 ἀριστογάμοιο
969 775 1329 855 περικλυτὸς
1374 773 1596 855 ἀνδρὸς
1642 772 1838 854 ἀκουὴ

264 855 494 939 ἡμένου
523 857 610 917 εἰν
644 853 846 938 ἀγορῇ
865 859 1108 924 πολιοῖς
1128 857 1297 939 παρὰ
1319 856 1718 940 δημογέρησι.
1753 858 1807 924 [⁶
1821 856 2081 928 γέρουσιῖ]

264 942 299 1022 ἡ
338 941 407 1002 δὲ
444 942 952 1046 παλιμπρώτῃσιν
1000 941 1114 1024 ἀφ
1164 942 1249 1002 ὧν
1295 943 1454 1024 κάμε
1498 941 1704 1024 χερσὶν
1751 942 1890 1025 ἑῇσι

267 1023 590 1088 δαιδαλύεν
639 1025 818 1086 ἑανὸν
861 1027 1145 1108 ζωστῆρά
1186 1048 1253 1087 τε
1300 1052 1378 1088 π
1349 1026 1563 1109 έρνατο
1605 1025 1838 1088 κεστόν.

263 1111 457 1172 πάντα
501 1109 569 1171 δὲ
615 1110 905 1190 τιμήεντα
948 1110 1049 1170 καὶ
1095 1109 1275 1192 ἄρτια
1295 1110 1506 1215 φάρε’
1553 1109 1750 1172 ἕεστο.

266 1216 404 1256 ουτε
450 1193 536 1255 ἑνὶ
583 1194 802 1299 κραδίῃ
855 1194 1191 1274 ἐμπάζεται
1248 1194 1461 1276 αὔριον
1503 1193 1690 1277 ἦμαρ.

262 1277 300 1362 ἧ
334 1279 438 1340 καὶ
484 1279 604 1341 ἀπὸ
656 1277 958 1359 στόματος
997 1278 1280 1361 νημερτέ
1332 1279 1648 1360 ἀμύμονος
1681 1278 1875 1360 αὐδῆς

269 1363 461 1426 ἰθύνει
511 1364 754 1445 σοφίην,
800 1363 899 1423 καὶ
947 1362 1176 1444 θεσμὸν
1226 1364 1500 1469 ἀγάνορα
1545 1362 1818 1429 πειθοῦς.

264 1450 460 1510 πάντα
506 1448 565 1509 δ
616 1445 1030 1508 ἐπεντύνουσα
1079 1446 1348 1530 ἐπαρτέα
1393 1445 1565 1509 ἔνδον
1612 1446 1674 1507 ἐν
1720 1445 1872 1530 οικῳ

265 1532 395 1595 οὔτι
438 1530 937 1635 μεθημοσύνῃσιν
981 1531 1083 1592 ἑὸν
1133 1532 1261 1616 βίον
1316 1531 1500 1615 ἀργὸν
1555 1530 1738 1598 ἀέξει.

262 1615 450 1701 τύρῥα
500 1639 594 1698 μιν
639 1613 969 1698 εὐθύφρων
1004 1637 1070 1676 τε
1113 1617 1289 1698 ἀνὴρ,
1332 1617 1435 1678 καὶ
1479 1617 1696 1683 παῖδες
1741 1615 1964 1696 ἀγαυοὶ

264 1705 510 1785 σεμνοῖς
545 1701 611 1762 δε
617 1701 914 1761 ιδίσκοντο
953 1722 1268 1806 παρηγορε
1251 1699 1403 1762 ἐντε
1409 1723 1437 1768 ς
1477 1699 1708 1763 ἔπεσσι.
1777 1701 1830 1767 [’
1853 1700 2085 1766 έοντεςῗ]

265 1789 364 1849 δῖα
406 1786 606 1869 γύναι,
647 1785 869 1846 πολλοὶ
912 1783 1021 1865 μὲν
1073 1784 1507 1866 ἀριστεύσαντο
1552 1808 1667 1847 κατ
1739 1787 1917 1848 αἶσαν

263 1873 453 1955 τίμιαι
496 1870 783 1951 ἡλικίδες,
826 1868 894 1929 σὺ
940 1867 1003 1929 δ’
1049 1870 1369 1976 ύπείρεγες
1408 1867 1598 1952 ἔξοχα
1634 1870 1906 1935 πασέων.

262 1956 530 2060 τηΰσιον
560 1953 794 2035 μορφὴ,
837 1957 1214 2016 πανετώσιον
1261 1938 1478 2016 επλετο
1522 1955 1766 2022 κάλλος.

262 2038 532 2148 θευσῖέεβ
535 2060 602 2106 ος
641 2037 710 2100 δὲ
755 2040 1041 2120 γυναικὸς
1086 2038 1383 2121 ἐτήτυμος
1427 2038 1593 2106 αἶνος
1639 2037 1890 2123 ἐτύχθη.

265 2124 428 2188 δευτ
490 2123 601 2206 ἄγε
647 2122 933 2226 εύύμνοις
979 2145 1074 2205 μιν
1118 2125 1421 2233 ἀμείψατε
1467 2125 1685 2191 πάντες
1729 2124 1990 2201 ἀοιδαῖς,

265 2210 430 2294 ὄφρα
476 2230 573 2291 μιν
619 2209 704 2270 εἰν
750 2209 950 2291 ἀγορῇ
988 2208 1162 2291 κλείῃ
1209 2207 1287 2269 εα
1332 2208 1600 2270 θέσκελα
1647 2205 1815 2290 ἔργα.

821 2381 919 2437 41.
1002 2381 1106 2440 Ea:
1146 2380 1528 2457 Hippocrate.

265 2465 499 2545 τροφῆς
540 2460 782 2543 ἀκορίη,
826 2462 928 2521 καὶ
974 2461 1180 2523 πόνων
1232 2462 1469 2542 ἀοκνίη,

265 2548 367 2609 καὶ
411 2547 892 2627 σπερματώδους
938 2545 1152 2627 οὐσίης
1199 2547 1586 2628 κατάσχεσις,

266 2630 377 2713 τρί’
430 2628 586 2692 αὐτὰ
629 2633 736 2710 τῆς
774 2630 1063 2712 ἀνουσίης
1108 2630 1420 2713 τηρητικοὶ.

309 2721 476 2776 Idem
518 2717 734 2775 Latine
776 2718 982 2792 leqitur
1034 2721 1096 2776 in
1139 2721 1317 2776 veteri
1348 2720 1734 2793 pulcherrimo
1772 2736 2057 2777 mmmore

568 2806 630 2859 in
671 2805 885 2878 oppido
929 2801 994 2860 S.
1036 2805 1272 2880 Aeqidii
1307 2806 1389 2860 ad
1427 2803 1789 2861 Rhodanum.

534 2884 778 2948 VESCI
823 2930 836 2943 .
884 2885 1140 2946 CITRA
1182 2932 1197 2946 .
1238 2888 1838 2949 SATURITATEM

443 2971 870 3030 IMPIGRUM
914 3016 927 3029 .
975 2970 1179 3032 ESSE
1223 3018 1237 3032 .
1286 2974 1401 3032 AD
1452 3018 1465 3031 .
1513 2973 1919 3034 LABOREM

498 3056 811 3116 VITALE
861 3100 871 3114 .
924 3055 1203 3117 SEMEN
1255 3108 1266 3121 .
1315 3055 1876 3119 CONSERVARE
2050 3089 2054 3094 ·

268 3139 471 3199 TRIA
498 3183 512 3199 .
540 3139 1156 3202 SALUBERRIMA.
1231 3157 1342 3204 Iani
1384 3153 1591 3205 Gruteri
1633 3156 1856 3218 inscript.
1892 3169 1942 3219 p.
1976 3150 2098 3207 ⁹29.

395 3310 492 3369 42.
580 3313 710 3370 Hoc
753 3315 983 3387 antiqui
1011 3323 1224 3388 poetae
1268 3313 1371 3368 De
1405 3319 1701 3368 amantum
1734 3311 1985 3378 miseria,

273 3390 548 3461 ἅπαντες
578 3393 761 3474 ἐσμὲν
807 3393 1190 3456 ἀθλιώτατον
1233 3393 1410 3475 γένος

274 3474 549 3559 ἐρῶντες,
600 3478 813 3561 οἷσπερ
857 3482 966 3539 τοῦ
1010 3478 1369 3541 πεπαῦσθαι
1405 3479 1512 3557 τῆς
1554 3473 1738 3537 νύσου
