2452 4186
1118 316 1231 377 151

242 480 543 544 Ἀκαπνα
585 479 744 545 θύει.
780 476 1064 568 Κοσκίνῳ
1115 484 1493 566 μαντεύεται.
1549 520 1556 527 ·

249 565 545 629 Ἀκάτιον
600 563 798 649 αἴρου.
842 561 1095 630 Κύαθον
1144 569 1412 652 αἰτήσεις
1448 569 1629 653 τάχα.

255 648 533 712 Ἀκονιτὶ
577 654 760 734 νικᾷς.
806 646 929 712 Καὶ
968 653 1103 736 πρὶν
1154 652 1472 737 ἐσφάχθαι
1516 652 1730 735 δέρεις.

255 732 514 817 Ἀκόλῳ
556 732 632 795 τὰ
667 735 807 818 χείλ
893 735 1101 819 βῧσον,
1150 738 1225 800 οὐ
1277 736 1462 800 σύκω.
1508 734 1739 822 Μύτης.

249 818 466 882 Ἀκων
513 817 622 900 μὲν
669 821 701 881 ὁ
741 757 900 888 ΖεἝνς
945 819 1096 894 οἶδε.
1131 800 1454 907 Συρβηνῆς
1499 823 1707 906 χορὸς.

250 900 764 986 Ἀλεκτρυόνειος
805 904 1028 967 κοιλία.
1074 906 1283 989 Δῆγμ’
1334 905 1608 975 ἄσπιδος.

250 987 556 1050 Ἀλλᾶσιν
604 987 715 1049 ὕει.
766 985 912 1057 Τοῖς
948 996 1190 1053 κακοῖσι
1230 992 1353 1074 τρὶς
1395 992 1575 1054 κακά.

246 1070 490 1138 Ἀλλος
526 1071 664 1167 βίος
697 1071 753 1154 γ’
802 1071 959 1156 ἄλλη
1009 1076 1230 1137 δίαιτα.
1288 1073 1633 1160 Τρυγόβιοι.

251 1156 626 1238 Ἀλλοτρίαν
675 1155 966 1241 άρουραν.
1007 1155 1140 1221 Εἶτ’
1193 1160 1335 1243 ἐξηγ
1378 1160 1555 1243 όμην.

252 1238 601 1323 Ἀλλότρια
648 1242 912 1326 βάλλεις.
952 1239 1281 1329 Βάτραχος
1324 1184 1628 1328 ἕερίφιος.

250 1324 474 1388 Ἀλῶν
520 1323 827 1407 μέδιμνος.
873 1324 1150 1389 Χλαῖναν
1196 1330 1260 1391 ἐν
1306 1328 1478 1411 θέρει
1523 1330 1761 1413 τρίβεις.

234 1405 419 1490 σΑμῘ
468 1407 636 1488 ἔπος,
691 1409 805 1493 ἅμ’
850 1408 1048 1495 ἔργον.
1082 1397 1206 1475 ‘Pa
1256 1414 1349 1482 ίας
1392 1414 1764 1498 λαλίστερος.

237 1490 509 1577 ε’.Αμαξα
549 1495 650 1557 τὸν
699 1496 869 1578 βοῦν·
895 1495 1163 1580 ἐκφέρει.
1206 1437 1455 1582 §th-pax»
1498 1497 1759 1584 τρέφεις.

243 1577 618 1662 εΑμαξιαῖἀ.
663 1579 936 1665 Δαφνίνη
982 1582 1298 1667 βακτηρία.
1735 1600 1744 1609 ‘

240 1663 500 1746 ”Αμμες
533 1664 677 1725 ποτ’
722 1663 894 1747 ἦμες.
944 1663 1222 1731 Ἀπίδων
1267 1667 1618 1730 πανδαισία.

249 1747 527 1831 ’.Αμυστὶ
568 1748 778 1811 πίνειν.
821 1747 926 1832 Μὴ
972 1752 1303 1834 κακούργει
1343 1749 1678 1835 Μουσικήν.

249 1831 699 1917 ’.Αμφαξονεῖν.
745 1832 948 1902 Αὐτός
986 1858 1052 1897 τε
1097 1837 1199 1898 καὶ
1239 1836 1314 1899 τὰ
1353 1835 1587 1898 παιδία.

249 1916 759 2001 Ἀναπαριάζειν.
794 1913 1091 1988 τἨπατος.
1135 1919 1183 1983 Γ
1189 1922 1343 1988 υπὸς
1381 1921 1539 1982 σκιά.

253 2000 569 2084 Ἀνέμους
608 2006 917 2086 γεωργεῖς.
968 2002 1172 2089 Μωρὰ
1212 2005 1328 2089 γὰρ
1363 2006 1572 2089 μωρὸς
1616 2005 1797 2088 λέγει.

249 2085 454 2170 Ἀνὴρ
500 2088 833 2171 φλοιώδης.
879 2084 1273 2172 Κλιμακίζων
1318 2089 1464 2159 τοὺς
1502 2088 1746 2173 νόμους.

243 2171 626 2254 Ἀνθρωπος
671 2173 1094 2258 ἀβασάνιστος.
1155 2172 1459 2259 Οὐράνιον
1512 2174 1677 2238 ὅσον.

242 2256 484 2324 ”Ανους
530 2257 564 2318 ὁ
614 2257 862 2341 μακρός.
892 2256 1033 2321 Ἶσα
1078 2260 1354 2342 πόλεμος
1398 2260 1472 2322 οὐ
1517 2263 1700 2323 ποιεῖ’.

245 2340 490 2423 ”An-as
534 2342 622 2410 εἰς
661 2339 984 2424 Μακαρίαν
1034 2344 1336 2406 ἐκποδών.
1377 2342 1550 2426 Πυγὴ
1597 2341 1861 2428 Κρόνου.

238 2420 458 2495 “Anae
503 2425 759 2509 ἀλώπηξ
802 2427 890 2494 εἰς
923 2429 1143 2509 πάγην.
1180 2427 1540 2496 Ὑπόξυλος.

238 2505 460 2578 ’Ἀπας
497 2510 701 2594 ἐχῖνος
743 2534 855 2595 τρα
904 2511 989 2580 υς.
1036 2512 1489 2594 Αύτολήκυθοι.

250 2593 812 2676 Ἀποδιοπομπεῖν.
856 2534 1013 2659 565²
1058 2595 1319 2680 ἐλείφθη
1363 2594 1702 2681 πυρφόρος.

249 2676 726 2763 Ἀρεοπαγίτης.
770 2678 1077 2765 Συμφορὰ
1122 2681 1511 2765 Συβαριτική.
1589 2719 1596 2724 -

241 2763 449 2848 Ἄρης
486 2762 796 2847 τύραννος.
839 2761 1110 2848 Χρυσίον
1149 2762 1582 2850 Κολοφώνιον.

250 2847 496 2932 Ἀρχῆς
533 2853 726 2932 κακῆς
766 2847 945 2918 τέλος
982 2850 1190 2913 κακόν.
1222 2849 1387 2935 Περὶ
1422 2850 1531 2918 τὰς
1570 2847 1782 2931 θύρας.

253 2930 780 3016 Ἀσκαρδαμυκτί.
828 2931 1193 3018 Σχινότρωξ.
1237 2933 1681 3015 Καλλιππίδης.

254 3017 537 3100 Αόλησις
578 3017 1016 3098 Ἀγαθώνειος.
1058 3019 1347 3101 Ἀγαθῶν
1391 3018 1698 3103 ἀγαθίδες.

254 3101 495 3169 Αύταῖς
537 3102 861 3186 ἀμάλλαις.
905 3100 1038 3167 Οὐκ
1077 3103 1627 3188 ἐπιγλωττήσομαι.

252 3186 488 3254 Αύτοῖς
529 3185 796 3269 ἀρέσκει.
842 3187 1169 3251 Δαιδάλει’
1220 3189 1564 3272 ἀγάλματα.

252 3268 524 3334 Βάλλειν
569 3270 831 3357 ἀρότρῳ.
870 3269 996 3335 Βοῒ
1041 3274 1246 3355 λαγὼν
1290 3276 1658 3356 κυνηγετεῖν.

252 3352 615 3438 Βαρύτερον
658 3355 898 3425 Αἴτνας.
944 3353 1067 3440 Τὴν
1116 3357 1269 3441 ἐμὴν
1316 3359 1566 3440 κάμνεις
1602 3354 1805 3419 νόσον.

252 3436 387 3523 Βὴξ
432 3441 565 3503 ἀντὶ
594 3441 846 3541 πορδῆς.
895 3441 1214 3526 Δευτέρων
1257 3440 1620 3525 ἀμεινόνων.

249 3520 405 3592 Βίος
454 3526 728 3606 λαγωοῦ.
786 3523 1097 3588 Ταντάλου
1145 3530 1342 3610 κῆπον
1384 3532 1621 3611 τρυγᾷς.
