<?xml version="1.0" encoding="UTF-8"?>
<!DOCTYPE html PUBLIC "-//W3C//DTD XHTML 1.0 Transitional//EN"
    "http://www.w3.org/TR/xhtml1/DTD/xhtml1-transitional.dtd">
<html xmlns="http://www.w3.org/1999/xhtml" xml:lang="en" lang="en">
 <head>
  <title>
</title>
<meta http-equiv="Content-Type" content="text/html;charset=utf-8" />
  <meta name='ocr-system' content='tesseract 3.04.00' />
  <meta name='ocr-capabilities' content='ocr_page ocr_carea ocr_par ocr_line ocrx_word'/>
</head>
<body>
  <div class='ocr_page' id='page_1' title='image "./iosephiscaliger02scalgoog/iosephiscaliger02scalgoog_0130.png"; bbox 0 0 2452 4186; ppageno 0'>
   <div class='ocr_carea' id='block_1_1' title="bbox 1259 302 1379 358">
    <p class='ocr_par' dir='ltr' id='par_1_1' title="bbox 1259 302 1379 358">
     <span class='ocr_line' id='line_1_1' title="bbox 1259 302 1379 358; baseline 0 0"><span class='ocrx_word' id='word_1_1' title='bbox 1259 302 1379 358; x_wconf 79' lang='lat'><strong>128</strong></span> 
     </span>
    </p>
   </div>
   <div class='ocr_carea' id='block_1_2' title="bbox 1161 387 1465 396">
    <p class='ocr_par' dir='ltr' id='par_1_2' title="bbox 1161 387 1465 396">
     <span class='ocr_line' id='line_1_2' title="bbox 1161 387 1465 396; baseline 0 3790"><span class='ocrx_word' id='word_1_2' title='bbox 1161 387 1465 396; x_wconf 95' lang='lat' dir='ltr'><strong> </strong></span> 
     </span>
    </p>
   </div>
   <div class='ocr_carea' id='block_1_3' title="bbox 392 461 2226 3586">
    <p class='ocr_par' dir='ltr' id='par_1_3' title="bbox 392 461 2084 631">
     <span class='ocr_line' id='line_1_3' title="bbox 392 461 2084 547; baseline 0.003 -22"><span class='ocrx_word' id='word_1_3' title='bbox 392 465 554 546; x_wconf 79' lang='grc' dir='ltr'><strong>Ὀψὲ</strong></span> <span class='ocrx_word' id='word_1_4' title='bbox 598 462 763 525; x_wconf 88' lang='grc' dir='ltr'><strong>θεῶν</strong></span> <span class='ocrx_word' id='word_1_5' title='bbox 809 463 1109 526; x_wconf 83' lang='grc' dir='ltr'><strong>ἀλέθουσι</strong></span> <span class='ocrx_word' id='word_1_6' title='bbox 1156 464 1363 547; x_wconf 87' lang='grc' dir='ltr'><strong>μύλοι,</strong></span> <span class='ocrx_word' id='word_1_7' title='bbox 1405 461 1705 531; x_wconf 82' lang='grc' dir='ltr'><strong>ἀλέθουσι</strong></span> <span class='ocrx_word' id='word_1_8' title='bbox 1750 464 1822 527; x_wconf 77' lang='grc' dir='ltr'><strong>δὲ</strong></span> <span class='ocrx_word' id='word_1_9' title='bbox 1867 466 2084 530; x_wconf 83' lang='grc' dir='ltr'><strong>λεπτά.</strong></span> 
     </span>
     <span class='ocr_line' id='line_1_4' title="bbox 399 547 1823 631; baseline 0.001 -21"><span class='ocrx_word' id='word_1_10' title='bbox 399 552 570 620; x_wconf 82' lang='grc' dir='ltr'><strong>Παῖς</strong></span> <span class='ocrx_word' id='word_1_11' title='bbox 617 570 723 630; x_wconf 87' lang='grc' dir='ltr'><strong>μοι</strong></span> <span class='ocrx_word' id='word_1_12' title='bbox 761 548 1105 631; x_wconf 83' lang='grc' dir='ltr'><strong>τριτογενὴς</strong></span> <span class='ocrx_word' id='word_1_13' title='bbox 1146 547 1266 631; x_wconf 80' lang='grc' dir='ltr'><strong>εἴη,</strong></span> <span class='ocrx_word' id='word_1_14' title='bbox 1307 549 1390 631; x_wconf 86' lang='grc' dir='ltr'><strong>μὴ</strong></span> <span class='ocrx_word' id='word_1_15' title='bbox 1433 548 1823 631; x_wconf 79' lang='grc' dir='ltr'><strong>τριτογένεια.</strong></span> 
     </span>
    </p>

    <p class='ocr_par' dir='ltr' id='par_1_4' title="bbox 400 631 1893 801">
     <span class='ocr_line' id='line_1_5' title="bbox 400 631 1876 718; baseline 0.001 -23"><span class='ocrx_word' id='word_1_16' title='bbox 400 631 641 716; x_wconf 84' lang='grc' dir='ltr'><strong>Πέτραν</strong></span> <span class='ocrx_word' id='word_1_17' title='bbox 680 633 973 694; x_wconf 78' lang='grc' dir='ltr'>κοιλαίνει</span> <span class='ocrx_word' id='word_1_18' title='bbox 1019 634 1185 716; x_wconf 79' lang='grc' dir='ltr'><strong>ῥανὶς</strong></span> <span class='ocrx_word' id='word_1_19' title='bbox 1232 633 1456 699; x_wconf 77' lang='grc' dir='ltr'><strong>ὕδατος</strong></span> <span class='ocrx_word' id='word_1_20' title='bbox 1497 633 1876 718; x_wconf 83' lang='grc' dir='ltr'><strong>ἐνδελεχείῃ.</strong></span> 
     </span>
     <span class='ocr_line' id='line_1_6' title="bbox 400 715 1893 801; baseline 0.002 -23"><span class='ocrx_word' id='word_1_21' title='bbox 400 718 766 799; x_wconf 87' lang='grc' dir='ltr'><strong>Πνευσάσης</strong></span> <span class='ocrx_word' id='word_1_22' title='bbox 815 715 1029 800; x_wconf 80' lang='grc' dir='ltr'><strong>ἑτέρας</strong></span> <span class='ocrx_word' id='word_1_23' title='bbox 1076 716 1270 799; x_wconf 81' lang='grc' dir='ltr'><strong>αὔρης</strong></span> <span class='ocrx_word' id='word_1_24' title='bbox 1308 717 1606 801; x_wconf 89' lang='grc' dir='ltr'><strong>χαίροντα</strong></span> <span class='ocrx_word' id='word_1_25' title='bbox 1654 718 1893 801; x_wconf 71' lang='grc' dir='ltr'><strong>διαζῆν.</strong></span> 
     </span>
    </p>

    <p class='ocr_par' dir='ltr' id='par_1_5' title="bbox 403 802 2144 1305">
     <span class='ocr_line' id='line_1_7' title="bbox 403 802 2038 884; baseline 0.002 -21"><span class='ocrx_word' id='word_1_26' title='bbox 403 802 623 872; x_wconf 81' lang='grc' dir='ltr'><strong>Πολλὰ</strong></span> <span class='ocrx_word' id='word_1_27' title='bbox 671 802 741 863; x_wconf 83' lang='grc' dir='ltr'><strong>δὲ</strong></span> <span class='ocrx_word' id='word_1_28' title='bbox 781 802 1207 884; x_wconf 72' lang='grc' dir='ltr'><strong>μοχθήσαντες</strong></span> <span class='ocrx_word' id='word_1_29' title='bbox 1251 802 1505 863; x_wconf 80' lang='grc' dir='ltr'><strong>ἐτώσιον</strong></span> <span class='ocrx_word' id='word_1_30' title='bbox 1551 802 1733 883; x_wconf 83' lang='grc' dir='ltr'><strong>ἐσμὲν</strong></span> <span class='ocrx_word' id='word_1_31' title='bbox 1782 804 2038 883; x_wconf 83' lang='grc' dir='ltr'><strong>ὁμοίως.</strong></span> 
     </span>
     <span class='ocr_line' id='line_1_8' title="bbox 403 886 2001 967; baseline 0.003 -20"><span class='ocrx_word' id='word_1_32' title='bbox 403 888 623 956; x_wconf 89' lang='grc' dir='ltr'><strong>Πολλά</strong></span> <span class='ocrx_word' id='word_1_33' title='bbox 665 908 769 947; x_wconf 89' lang='grc' dir='ltr'><strong>κεν</strong></span> <span class='ocrx_word' id='word_1_34' title='bbox 813 886 1057 967; x_wconf 80' lang='grc' dir='ltr'><strong>εἰδείης,</strong></span> <span class='ocrx_word' id='word_1_35' title='bbox 1104 887 1195 954; x_wconf 84' lang='grc' dir='ltr'><strong>οἷς</strong></span> <span class='ocrx_word' id='word_1_36' title='bbox 1231 888 1333 948; x_wconf 87' lang='grc' dir='ltr'><strong>καὶ</strong></span> <span class='ocrx_word' id='word_1_37' title='bbox 1377 888 1526 949; x_wconf 83' lang='grc' dir='ltr'><strong>θεὸν</strong></span> <span class='ocrx_word' id='word_1_38' title='bbox 1570 886 2001 967; x_wconf 70' lang='grc' dir='ltr'><strong>ἐξαπατήσαις.</strong></span> 
     </span>
     <span class='ocr_line' id='line_1_9' title="bbox 404 969 2062 1054; baseline 0 -23"><span class='ocrx_word' id='word_1_39' title='bbox 404 969 622 1038; x_wconf 88' lang='grc' dir='ltr'><strong>Πολλὰ</strong></span> <span class='ocrx_word' id='word_1_40' title='bbox 674 971 866 1052; x_wconf 87' lang='grc' dir='ltr'><strong>μάτην</strong></span> <span class='ocrx_word' id='word_1_41' title='bbox 912 970 1232 1051; x_wconf 75' lang='grc' dir='ltr'><strong>κεράεσσιν</strong></span> <span class='ocrx_word' id='word_1_42' title='bbox 1279 971 1344 1038; x_wconf 85' lang='grc' dir='ltr'><strong>ἐς</strong></span> <span class='ocrx_word' id='word_1_43' title='bbox 1380 970 1540 1054; x_wconf 82' lang='grc' dir='ltr'><strong>ἠέρα</strong></span> <span class='ocrx_word' id='word_1_44' title='bbox 1580 970 1976 1053; x_wconf 84' lang='grc' dir='ltr'><strong>θυμαίνοντα.</strong></span> <span class='ocrx_word' id='word_1_45' title='bbox 2051 1026 2062 1031; x_wconf 82' lang='grc'><em>,</em></span> 
     </span>
     <span class='ocr_line' id='line_1_10' title="bbox 404 1053 2083 1138; baseline 0.001 -22"><span class='ocrx_word' id='word_1_46' title='bbox 404 1054 624 1123; x_wconf 81' lang='grc' dir='ltr'><strong>Πολλὰ</strong></span> <span class='ocrx_word' id='word_1_47' title='bbox 671 1053 894 1135; x_wconf 78' lang='grc' dir='ltr'><strong>μεταξὺ</strong></span> <span class='ocrx_word' id='word_1_48' title='bbox 936 1053 1113 1116; x_wconf 83' lang='grc' dir='ltr'>πέλει</span> <span class='ocrx_word' id='word_1_49' title='bbox 1157 1055 1408 1122; x_wconf 86' lang='grc' dir='ltr'><strong>κύλικος</strong></span> <span class='ocrx_word' id='word_1_50' title='bbox 1442 1055 1543 1116; x_wconf 86' lang='grc' dir='ltr'><strong>καὶ</strong></span> <span class='ocrx_word' id='word_1_51' title='bbox 1582 1055 1826 1138; x_wconf 78' lang='grc' dir='ltr'><strong>χείλεος</strong></span> <span class='ocrx_word' id='word_1_52' title='bbox 1865 1054 2083 1138; x_wconf 81' lang='grc' dir='ltr'><strong>ἄκρου.</strong></span> 
     </span>
     <span class='ocr_line' id='line_1_11' title="bbox 405 1138 2144 1222; baseline 0.002 -22"><span class='ocrx_word' id='word_1_53' title='bbox 405 1138 685 1207; x_wconf 84' lang='grc' dir='ltr'><strong>Πολλάκι</strong></span> <span class='ocrx_word' id='word_1_54' title='bbox 725 1139 831 1199; x_wconf 89' lang='grc' dir='ltr'><strong>καί</strong></span> <span class='ocrx_word' id='word_1_55' title='bbox 873 1160 967 1199; x_wconf 88' lang='grc' dir='ltr'><strong>τοι</strong></span> <span class='ocrx_word' id='word_1_56' title='bbox 1010 1140 1219 1222; x_wconf 86' lang='grc' dir='ltr'><strong>μωρὸς</strong></span> <span class='ocrx_word' id='word_1_57' title='bbox 1264 1139 1419 1221; x_wconf 88' lang='grc' dir='ltr'><strong>ἀνὴρ</strong></span> <span class='ocrx_word' id='word_1_58' title='bbox 1465 1141 1632 1219; x_wconf 90' lang='grc' dir='ltr'><strong>μάλα</strong></span> <span class='ocrx_word' id='word_1_59' title='bbox 1675 1139 1909 1222; x_wconf 84' lang='grc' dir='ltr'><strong>καίριον</strong></span> <span class='ocrx_word' id='word_1_60' title='bbox 1955 1140 2144 1205; x_wconf 84' lang='grc' dir='ltr'><strong>εἶπεν.</strong></span> 
     </span>
     <span class='ocr_line' id='line_1_12' title="bbox 404 1222 1852 1305; baseline 0.001 -21"><span class='ocrx_word' id='word_1_61' title='bbox 404 1223 658 1291; x_wconf 82' lang='grc' dir='ltr'><strong>Πολλὰς</strong></span> <span class='ocrx_word' id='word_1_62' title='bbox 706 1222 782 1304; x_wconf 85' lang='grc' dir='ltr'><strong>δὴ</strong></span> <span class='ocrx_word' id='word_1_63' title='bbox 830 1223 1039 1304; x_wconf 80' lang='grc' dir='ltr'><strong>φιλίας</strong></span> <span class='ocrx_word' id='word_1_64' title='bbox 1081 1225 1503 1305; x_wconf 83' lang='grc' dir='ltr'><strong>ἀπροσηγορίη</strong></span> <span class='ocrx_word' id='word_1_65' title='bbox 1554 1223 1852 1286; x_wconf 85' lang='grc' dir='ltr'><strong>διέλυσεν.</strong></span> 
     </span>
    </p>

    <p class='ocr_par' dir='ltr' id='par_1_6' title="bbox 404 1306 2224 1983">
     <span class='ocr_line' id='line_1_13' title="bbox 405 1306 2047 1391; baseline 0.001 -22"><span class='ocrx_word' id='word_1_66' title='bbox 405 1308 645 1375; x_wconf 83' lang='grc' dir='ltr'><strong>Πολλοὶ</strong></span> <span class='ocrx_word' id='word_1_67' title='bbox 735 1306 1037 1380; x_wconf 79' lang='grc' dir='ltr'><strong>ουκένται,</strong></span> <span class='ocrx_word' id='word_1_68' title='bbox 1084 1312 1314 1389; x_wconf 81' lang='grc' dir='ltr'><strong>παῦροι</strong></span> <span class='ocrx_word' id='word_1_69' title='bbox 1357 1307 1427 1369; x_wconf 91' lang='grc' dir='ltr'><strong>δέ</strong></span> <span class='ocrx_word' id='word_1_70' title='bbox 1467 1330 1531 1368; x_wconf 90' lang='grc' dir='ltr'><strong>τε</strong></span> <span class='ocrx_word' id='word_1_71' title='bbox 1573 1312 1685 1388; x_wconf 80' lang='grc' dir='ltr'><strong>γῆς</strong></span> <span class='ocrx_word' id='word_1_72' title='bbox 1727 1309 2047 1391; x_wconf 66' lang='grc' dir='ltr'><strong>ἀροτῗρες.</strong></span> 
     </span>
     <span class='ocr_line' id='line_1_14' title="bbox 406 1390 2039 1476; baseline 0.001 -23"><span class='ocrx_word' id='word_1_73' title='bbox 406 1392 646 1459; x_wconf 85' lang='grc' dir='ltr'><strong>Πολλοὶ</strong></span> <span class='ocrx_word' id='word_1_74' title='bbox 723 1414 751 1452; x_wconf 92' lang='grc' dir='ltr'><strong>ν</strong></span> <span class='ocrx_word' id='word_1_75' title='bbox 793 1390 1094 1473; x_wconf 77' lang='grc' dir='ltr'><strong>Ἀρκαδίῃ</strong></span> <span class='ocrx_word' id='word_1_76' title='bbox 1144 1393 1578 1476; x_wconf 77' lang='grc' dir='ltr'><strong>βαλανηφάγοι</strong></span> <span class='ocrx_word' id='word_1_77' title='bbox 1616 1392 1837 1473; x_wconf 84' lang='grc' dir='ltr'><strong>ἄνδρες</strong></span> <span class='ocrx_word' id='word_1_78' title='bbox 1889 1408 2039 1455; x_wconf 89' lang='grc' dir='ltr'><strong>ἀσι.</strong></span> 
     </span>
     <span class='ocr_line' id='line_1_15' title="bbox 404 1474 2104 1560; baseline 0.001 -22"><span class='ocrx_word' id='word_1_79' title='bbox 404 1478 644 1543; x_wconf 84' lang='grc' dir='ltr'><strong>Πολλοὶ</strong></span> <span class='ocrx_word' id='word_1_80' title='bbox 690 1474 1035 1560; x_wconf 84' lang='grc' dir='ltr'><strong>θριοβόλοι,</strong></span> <span class='ocrx_word' id='word_1_81' title='bbox 1085 1481 1317 1559; x_wconf 80' lang='grc' dir='ltr'><strong>παῦροι</strong></span> <span class='ocrx_word' id='word_1_82' title='bbox 1361 1475 1431 1537; x_wconf 84' lang='grc' dir='ltr'><strong>δέ</strong></span> <span class='ocrx_word' id='word_1_83' title='bbox 1470 1498 1538 1538; x_wconf 90' lang='grc' dir='ltr'><strong>τε</strong></span> <span class='ocrx_word' id='word_1_84' title='bbox 1583 1477 1824 1559; x_wconf 87' lang='grc' dir='ltr'><strong>μάντιες</strong></span> <span class='ocrx_word' id='word_1_85' title='bbox 1867 1476 2104 1559; x_wconf 80' lang='grc' dir='ltr'><strong>ἄνδρες.</strong></span> 
     </span>
     <span class='ocr_line' id='line_1_16' title="bbox 405 1558 2091 1646; baseline 0.001 -21"><span class='ocrx_word' id='word_1_86' title='bbox 405 1560 647 1626; x_wconf 89' lang='grc' dir='ltr'><strong>Πολλοί</strong></span> <span class='ocrx_word' id='word_1_87' title='bbox 681 1582 777 1621; x_wconf 92' lang='grc' dir='ltr'><strong>τοι</strong></span> <span class='ocrx_word' id='word_1_88' title='bbox 820 1558 1307 1644; x_wconf 76' lang='grc' dir='ltr'><strong>ναρθηκοφόροι,</strong></span> <span class='ocrx_word' id='word_1_89' title='bbox 1350 1566 1581 1643; x_wconf 80' lang='grc' dir='ltr'><strong>παῦροι</strong></span> <span class='ocrx_word' id='word_1_90' title='bbox 1624 1559 1695 1625; x_wconf 85' lang='grc' dir='ltr'><strong>δέ</strong></span> <span class='ocrx_word' id='word_1_91' title='bbox 1736 1584 1803 1622; x_wconf 90' lang='grc' dir='ltr'><strong>τε</strong></span> <span class='ocrx_word' id='word_1_92' title='bbox 1847 1560 2091 1646; x_wconf 87' lang='grc' dir='ltr'><strong>βάκχοι.</strong></span> 
     </span>
     <span class='ocr_line' id='line_1_17' title="bbox 404 1641 2150 1731; baseline -0.001 -20"><span class='ocrx_word' id='word_1_93' title='bbox 404 1645 670 1711; x_wconf 85' lang='grc' dir='ltr'><strong>Πολλὼς</strong></span> <span class='ocrx_word' id='word_1_94' title='bbox 708 1649 794 1706; x_wconf 87' lang='grc' dir='ltr'><strong>τῶ</strong></span> <span class='ocrx_word' id='word_1_95' title='bbox 836 1641 1120 1726; x_wconf 80' lang='grc' dir='ltr'><strong>Βρασίδα</strong></span> <span class='ocrx_word' id='word_1_96' title='bbox 1159 1644 1569 1725; x_wconf 80' lang='grc' dir='ltr'><strong>Λακεδαίμων</strong></span> <span class='ocrx_word' id='word_1_97' title='bbox 1615 1644 1920 1728; x_wconf 81' lang='grc' dir='ltr'><strong>κάῤῥονας</strong></span> <span class='ocrx_word' id='word_1_98' title='bbox 1966 1645 2150 1731; x_wconf 77' lang='grc' dir='ltr'><strong>ἴσχει.</strong></span> 
     </span>
     <span class='ocr_line' id='line_1_18' title="bbox 404 1727 1919 1812; baseline 0 -20"><span class='ocrx_word' id='word_1_99' title='bbox 404 1727 1073 1810; x_wconf 86' lang='grc' dir='ltr'><strong>Πουλυμαθημοσύνης</strong></span> <span class='ocrx_word' id='word_1_100' title='bbox 1109 1728 1291 1790; x_wconf 80' lang='grc' dir='ltr'><strong>οὐδὲν</strong></span> <span class='ocrx_word' id='word_1_101' title='bbox 1327 1731 1700 1812; x_wconf 85' lang='grc' dir='ltr'><strong>κενεώτερον</strong></span> <span class='ocrx_word' id='word_1_102' title='bbox 1743 1728 1919 1792; x_wconf 81' lang='grc' dir='ltr'><strong>ἄλλο.</strong></span> 
     </span>
     <span class='ocr_line' id='line_1_19' title="bbox 405 1809 2224 1897; baseline 0.002 -23"><span class='ocrx_word' id='word_1_103' title='bbox 405 1811 817 1881; x_wconf 88' lang='grc' dir='ltr'><strong>Πουλύποδος</strong></span> <span class='ocrx_word' id='word_1_104' title='bbox 852 1809 1105 1897; x_wconf 75' lang='grc' dir='ltr'><strong>κεφαλῇ’</strong></span> <span class='ocrx_word' id='word_1_105' title='bbox 1130 1810 1218 1874; x_wconf 83' lang='grc' dir='ltr'><strong>ἔνι</strong></span> <span class='ocrx_word' id='word_1_106' title='bbox 1259 1813 1368 1894; x_wconf 87' lang='grc' dir='ltr'><strong>μὲν</strong></span> <span class='ocrx_word' id='word_1_107' title='bbox 1406 1815 1616 1889; x_wconf 78' lang='grc' dir='ltr'><strong>κακὸν,</strong></span> <span class='ocrx_word' id='word_1_108' title='bbox 1663 1813 1726 1874; x_wconf 83' lang='grc' dir='ltr'><strong>ἐν</strong></span> <span class='ocrx_word' id='word_1_109' title='bbox 1755 1814 1826 1885; x_wconf 77' lang='grc' dir='ltr'><strong>δὲ</strong></span> <span class='ocrx_word' id='word_1_110' title='bbox 1854 1814 1958 1876; x_wconf 84' lang='grc' dir='ltr'><strong>καὶ</strong></span> <span class='ocrx_word' id='word_1_111' title='bbox 1985 1813 2224 1879; x_wconf 79' lang='grc' dir='ltr'><strong>ἐσθλόν.</strong></span> 
     </span>
     <span class='ocr_line' id='line_1_20' title="bbox 405 1896 2017 1983; baseline 0 -22"><span class='ocrx_word' id='word_1_112' title='bbox 405 1897 573 1980; x_wconf 86' lang='grc' dir='ltr'><strong>Πρὸς</strong></span> <span class='ocrx_word' id='word_1_113' title='bbox 618 1898 687 1960; x_wconf 83' lang='grc' dir='ltr'><strong>τὸ</strong></span> <span class='ocrx_word' id='word_1_114' title='bbox 740 1900 936 1981; x_wconf 82' lang='grc' dir='ltr'><strong>παρὸν</strong></span> <span class='ocrx_word' id='word_1_115' title='bbox 983 1898 1059 1980; x_wconf 87' lang='grc' dir='ltr'><strong>δὴ</strong></span> <span class='ocrx_word' id='word_1_116' title='bbox 1110 1901 1283 1980; x_wconf 81' lang='grc' dir='ltr'><strong>μῆτις</strong></span> <span class='ocrx_word' id='word_1_117' title='bbox 1325 1896 1569 1983; x_wconf 73' lang='grc' dir='ltr'><strong>ἀέξεται</strong></span> <span class='ocrx_word' id='word_1_118' title='bbox 1614 1898 2017 1979; x_wconf 74' lang='grc' dir='ltr'><strong>ἀνθρώποισι.</strong></span> 
     </span>
    </p>

    <p class='ocr_par' dir='ltr' id='par_1_7' title="bbox 404 1980 2027 2235">
     <span class='ocr_line' id='line_1_21' title="bbox 404 1980 2021 2066; baseline 0 -21"><span class='ocrx_word' id='word_1_119' title='bbox 404 1981 553 2049; x_wconf 87' lang='grc' dir='ltr'><strong>Πῶς</strong></span> <span class='ocrx_word' id='word_1_120' title='bbox 588 1980 704 2064; x_wconf 79' lang='grc' dir='ltr'><strong>,γὰρ</strong></span> <span class='ocrx_word' id='word_1_121' title='bbox 751 1982 1035 2064; x_wconf 79' lang='grc' dir='ltr'><strong>τοιαύτης</strong></span> <span class='ocrx_word' id='word_1_122' title='bbox 1074 1982 1340 2063; x_wconf 88' lang='grc' dir='ltr'><strong>δύναμαι</strong></span> <span class='ocrx_word' id='word_1_123' title='bbox 1380 1982 1593 2064; x_wconf 78' lang='grc' dir='ltr'><strong>θοίνης</strong></span> <span class='ocrx_word' id='word_1_124' title='bbox 1637 1981 2021 2066; x_wconf 83' lang='grc' dir='ltr'><strong>ἀπέχεσθαι;</strong></span> 
     </span>
     <span class='ocr_line' id='line_1_22' title="bbox 404 2065 2027 2151; baseline 0.001 -22"><span class='ocrx_word' id='word_1_125' title='bbox 404 2066 625 2150; x_wconf 87' lang='grc' dir='ltr'><strong>Σειρὴν</strong></span> <span class='ocrx_word' id='word_1_126' title='bbox 670 2067 778 2149; x_wconf 83' lang='grc' dir='ltr'><strong>μὲν</strong></span> <span class='ocrx_word' id='word_1_127' title='bbox 825 2067 1002 2151; x_wconf 80' lang='grc' dir='ltr'><strong>φίλον</strong></span> <span class='ocrx_word' id='word_1_128' title='bbox 1043 2065 1350 2148; x_wconf 79' lang='grc' dir='ltr'><strong>ἀγγέλλει,</strong></span> <span class='ocrx_word' id='word_1_129' title='bbox 1392 2065 1583 2135; x_wconf 82' lang='grc' dir='ltr'><strong>Εεῖνον</strong></span> <span class='ocrx_word' id='word_1_130' title='bbox 1629 2068 1698 2131; x_wconf 85' lang='grc' dir='ltr'><strong>δὲ</strong></span> <span class='ocrx_word' id='word_1_131' title='bbox 1738 2066 2027 2150; x_wconf 75' lang='grc' dir='ltr'><strong>μέλισσα.</strong></span> 
     </span>
     <span class='ocr_line' id='line_1_23' title="bbox 405 2150 1961 2235; baseline 0.001 -22"><span class='ocrx_word' id='word_1_132' title='bbox 405 2151 577 2214; x_wconf 83' lang='grc' dir='ltr'><strong>Σδκα</strong></span> <span class='ocrx_word' id='word_1_133' title='bbox 625 2150 758 2235; x_wconf 80' lang='grc' dir='ltr'><strong>φίλ’</strong></span> <span class='ocrx_word' id='word_1_134' title='bbox 810 2151 1119 2234; x_wconf 86' lang='grc' dir='ltr'><strong>ὀρνίθεσσι</strong></span> <span class='ocrx_word' id='word_1_135' title='bbox 1166 2151 1448 2234; x_wconf 77' lang='grc' dir='ltr'><strong>φυτεύειν</strong></span> <span class='ocrx_word' id='word_1_136' title='bbox 1498 2151 1611 2214; x_wconf 79' lang='grc' dir='ltr'><strong>οὐκ</strong></span> <span class='ocrx_word' id='word_1_137' title='bbox 1653 2152 1961 2218; x_wconf 84' lang='grc' dir='ltr'><strong>ἐθέλουσι.</strong></span> 
     </span>
    </p>

    <p class='ocr_par' dir='ltr' id='par_1_8' title="bbox 407 2233 2226 2575">
     <span class='ocr_line' id='line_1_24' title="bbox 407 2233 1972 2320; baseline 0.001 -22"><span class='ocrx_word' id='word_1_138' title='bbox 407 2233 530 2298; x_wconf 87' lang='grc' dir='ltr'><strong>Τὰν</strong></span> <span class='ocrx_word' id='word_1_139' title='bbox 575 2235 797 2317; x_wconf 82' lang='grc' dir='ltr'><strong>ἀρετὰν</strong></span> <span class='ocrx_word' id='word_1_140' title='bbox 836 2237 946 2298; x_wconf 80' lang='grc' dir='ltr'><strong>καὶ</strong></span> <span class='ocrx_word' id='word_1_141' title='bbox 987 2235 1094 2298; x_wconf 86' lang='grc' dir='ltr'><strong>τὰν</strong></span> <span class='ocrx_word' id='word_1_142' title='bbox 1140 2236 1362 2319; x_wconf 90' lang='grc' dir='ltr'><strong>σοφίαν</strong></span> <span class='ocrx_word' id='word_1_143' title='bbox 1411 2241 1635 2298; x_wconf 84' lang='grc' dir='ltr'><strong>νικᾶντι</strong></span> <span class='ocrx_word' id='word_1_144' title='bbox 1677 2238 1972 2320; x_wconf 85' lang='grc' dir='ltr'><strong>χελῶναι.</strong></span> 
     </span>
     <span class='ocr_line' id='line_1_25' title="bbox 407 2316 2226 2404; baseline 0.001 -21"><span class='ocrx_word' id='word_1_145' title='bbox 407 2316 671 2403; x_wconf 88' lang='grc' dir='ltr'><strong>Τετράδι</strong></span> <span class='ocrx_word' id='word_1_146' title='bbox 713 2325 937 2404; x_wconf 83' lang='grc' dir='ltr'><strong>κοῦρος</strong></span> <span class='ocrx_word' id='word_1_147' title='bbox 981 2318 1210 2401; x_wconf 81' lang='grc' dir='ltr'><strong>ἔγεντο,</strong></span> <span class='ocrx_word' id='word_1_148' title='bbox 1252 2321 1353 2382; x_wconf 85' lang='grc' dir='ltr'><strong>καὶ</strong></span> <span class='ocrx_word' id='word_1_149' title='bbox 1401 2319 1641 2383; x_wconf 80' lang='grc' dir='ltr'><strong>οὔποκα</strong></span> <span class='ocrx_word' id='word_1_150' title='bbox 1683 2322 1996 2401; x_wconf 84' lang='grc' dir='ltr'><strong>πάγκακος</strong></span> <span class='ocrx_word' id='word_1_151' title='bbox 2040 2319 2226 2385; x_wconf 84' lang='grc' dir='ltr'><strong>ἔσται.</strong></span> 
     </span>
     <span class='ocr_line' id='line_1_26' title="bbox 409 2402 2226 2490; baseline 0.001 -23"><span class='ocrx_word' id='word_1_152' title='bbox 409 2402 507 2488; x_wconf 75' lang='grc' dir='ltr'><strong>Τῇ</strong></span> <span class='ocrx_word' id='word_1_153' title='bbox 552 2405 662 2488; x_wconf 88' lang='grc' dir='ltr'><strong>μὲν</strong></span> <span class='ocrx_word' id='word_1_154' title='bbox 713 2405 880 2488; x_wconf 78' lang='grc' dir='ltr'><strong>ὕδωρ</strong></span> <span class='ocrx_word' id='word_1_155' title='bbox 928 2404 1144 2488; x_wconf 86' lang='grc' dir='ltr'><strong>φορέει</strong></span> <span class='ocrx_word' id='word_1_156' title='bbox 1188 2405 1370 2486; x_wconf 83' lang='grc' dir='ltr'><strong>δολίῃ</strong></span> <span class='ocrx_word' id='word_1_157' title='bbox 1417 2405 1575 2489; x_wconf 89' lang='grc' dir='ltr'><strong>χερὶ,</strong></span> <span class='ocrx_word' id='word_1_158' title='bbox 1632 2410 1710 2487; x_wconf 73' lang='grc' dir='ltr'><strong>τῇ</strong></span> <span class='ocrx_word' id='word_1_159' title='bbox 1757 2405 1812 2467; x_wconf 81' lang='grc' dir='ltr'><strong>δ’</strong></span> <span class='ocrx_word' id='word_1_160' title='bbox 1860 2404 2046 2489; x_wconf 81' lang='grc' dir='ltr'><strong>ἑτέρῃ</strong></span> <span class='ocrx_word' id='word_1_161' title='bbox 2088 2412 2226 2490; x_wconf 77' lang='grc' dir='ltr'><strong>πῦρ.</strong></span> 
     </span>
     <span class='ocr_line' id='line_1_27' title="bbox 407 2485 1904 2575; baseline 0 -24"><span class='ocrx_word' id='word_1_162' title='bbox 407 2485 534 2572; x_wconf 82' lang='grc' dir='ltr'><strong>Τῆς</strong></span> <span class='ocrx_word' id='word_1_163' title='bbox 568 2494 771 2575; x_wconf 81' lang='grc' dir='ltr'><strong>ψυχῆς</strong></span> <span class='ocrx_word' id='word_1_164' title='bbox 817 2490 1031 2569; x_wconf 82' lang='grc' dir='ltr'><strong>ἐστὶ[ν]</strong></span> <span class='ocrx_word' id='word_1_165' title='bbox 1080 2490 1904 2571; x_wconf 70' lang='grc' dir='ltr'><strong>δουλείανγλωσσοκομεῖον.</strong></span> 
     </span>
    </p>

    <p class='ocr_par' dir='ltr' id='par_1_9' title="bbox 409 2570 2063 2658">
     <span class='ocr_line' id='line_1_28' title="bbox 409 2570 2063 2658; baseline -0.001 -22"><span class='ocrx_word' id='word_1_166' title='bbox 409 2570 612 2636; x_wconf 87' lang='grc' dir='ltr'><strong>Τίκτει</strong></span> <span class='ocrx_word' id='word_1_167' title='bbox 652 2597 747 2637; x_wconf 90' lang='grc' dir='ltr'><strong>τοι</strong></span> <span class='ocrx_word' id='word_1_168' title='bbox 784 2574 977 2658; x_wconf 88' lang='grc' dir='ltr'><strong>κούρη</strong></span> <span class='ocrx_word' id='word_1_169' title='bbox 1026 2574 1130 2638; x_wconf 84' lang='grc' dir='ltr'><strong>καὶ</strong></span> <span class='ocrx_word' id='word_1_170' title='bbox 1175 2574 1319 2635; x_wconf 79' lang='grc' dir='ltr'><strong>ὅταν</strong></span> <span class='ocrx_word' id='word_1_171' title='bbox 1369 2576 1555 2638; x_wconf 82' lang='grc' dir='ltr'><strong>κακὸν</strong></span> <span class='ocrx_word' id='word_1_172' title='bbox 1596 2574 1771 2656; x_wconf 86' lang='grc' dir='ltr'><strong>ἀνδρὶ</strong></span> <span class='ocrx_word' id='word_1_173' title='bbox 1814 2573 2063 2655; x_wconf 84' lang='grc' dir='ltr'><strong>παρείη.</strong></span> 
     </span>
    </p>

    <p class='ocr_par' dir='ltr' id='par_1_10' title="bbox 407 2653 2025 2742">
     <span class='ocr_line' id='line_1_29' title="bbox 407 2653 2025 2742; baseline -0.002 -20"><span class='ocrx_word' id='word_1_174' title='bbox 407 2653 516 2726; x_wconf 89' lang='grc' dir='ltr'><strong>Τίς</strong></span> <span class='ocrx_word' id='word_1_175' title='bbox 551 2658 768 2741; x_wconf 84' lang='grc' dir='ltr'><strong>πατέρ’</strong></span> <span class='ocrx_word' id='word_1_176' title='bbox 818 2658 1075 2742; x_wconf 78' lang='grc' dir='ltr'><strong>αἰνήσει’</strong></span> <span class='ocrx_word' id='word_1_177' title='bbox 1123 2659 1179 2720; x_wconf 83' lang='grc' dir='ltr'><strong>εἰ</strong></span> <span class='ocrx_word' id='word_1_178' title='bbox 1225 2660 1307 2741; x_wconf 86' lang='grc' dir='ltr'><strong>μὴ</strong></span> <span class='ocrx_word' id='word_1_179' title='bbox 1353 2657 1775 2739; x_wconf 79' lang='grc' dir='ltr'><strong>κακοδαίμονα</strong></span> <span class='ocrx_word' id='word_1_180' title='bbox 1811 2656 2025 2733; x_wconf 84' lang='grc' dir='ltr'><strong>τέκνα;</strong></span> 
     </span>
    </p>

    <p class='ocr_par' dir='ltr' id='par_1_11' title="bbox 395 2738 2223 3586">
     <span class='ocr_line' id='line_1_30' title="bbox 409 2738 2104 2826; baseline 0 -22"><span class='ocrx_word' id='word_1_181' title='bbox 409 2738 531 2805; x_wconf 81' lang='grc' dir='ltr'><strong>Τὸν</strong></span> <span class='ocrx_word' id='word_1_182' title='bbox 583 2744 789 2805; x_wconf 84' lang='grc' dir='ltr'><strong>σικυὸν</strong></span> <span class='ocrx_word' id='word_1_183' title='bbox 842 2747 1149 2826; x_wconf 84' lang='grc' dir='ltr'><strong>τρώγοισα</strong></span> <span class='ocrx_word' id='word_1_184' title='bbox 1188 2743 1365 2823; x_wconf 86' lang='grc' dir='ltr'><strong>γύναι</strong></span> <span class='ocrx_word' id='word_1_185' title='bbox 1406 2740 1512 2804; x_wconf 81' lang='grc' dir='ltr'><strong>τὰν</strong></span> <span class='ocrx_word' id='word_1_186' title='bbox 1558 2742 1816 2826; x_wconf 82' lang='grc' dir='ltr'><strong>χλαῖναν</strong></span> <span class='ocrx_word' id='word_1_187' title='bbox 1865 2742 2104 2825; x_wconf 76' lang='grc' dir='ltr'><strong>ὕφαινε.</strong></span> 
     </span>
     <span class='ocr_line' id='line_1_31' title="bbox 408 2821 2112 2931; baseline 0.001 -44"><span class='ocrx_word' id='word_1_188' title='bbox 408 2821 570 2892; x_wconf 72' lang='grc' dir='ltr'><strong>Τοὺς</strong></span> <span class='ocrx_word' id='word_1_189' title='bbox 617 2827 904 2895; x_wconf 80' lang='grc' dir='ltr'><strong>συνετοὺς</strong></span> <span class='ocrx_word' id='word_1_190' title='bbox 948 2827 1018 2890; x_wconf 89' lang='grc' dir='ltr'><strong>άν</strong></span> <span class='ocrx_word' id='word_1_191' title='bbox 1060 2848 1146 2894; x_wconf 87' lang='grc' dir='ltr'><strong>τις</strong></span> <span class='ocrx_word' id='word_1_192' title='bbox 1197 2827 1432 2890; x_wconf 85' lang='grc' dir='ltr'><strong>πείσειε</strong></span> <span class='ocrx_word' id='word_1_193' title='bbox 1473 2827 1731 2931; x_wconf 82' lang='grc' dir='ltr'><strong>τάχιστα</strong></span> <span class='ocrx_word' id='word_1_194' title='bbox 1772 2826 1971 2909; x_wconf 85' lang='grc' dir='ltr'><strong>λέγων</strong></span> <span class='ocrx_word' id='word_1_195' title='bbox 2021 2824 2112 2890; x_wconf 81' lang='grc' dir='ltr'><strong>εὖ.</strong></span> 
     </span>
     <span class='ocr_line' id='line_1_32' title="bbox 407 2906 2061 2995; baseline -0.001 -22"><span class='ocrx_word' id='word_1_196' title='bbox 407 2906 550 2995; x_wconf 83' lang='grc' dir='ltr'><strong>Τρὶς</strong></span> <span class='ocrx_word' id='word_1_197' title='bbox 591 2911 651 2972; x_wconf 84' lang='grc' dir='ltr'><strong>δ’</strong></span> <span class='ocrx_word' id='word_1_198' title='bbox 700 2910 1235 2995; x_wconf 74' lang='grc' dir='ltr'><strong>ἀπομαξαμένοισι</strong></span> <span class='ocrx_word' id='word_1_199' title='bbox 1279 2911 1416 2975; x_wconf 87' lang='grc' dir='ltr'><strong>θεοὶ</strong></span> <span class='ocrx_word' id='word_1_200' title='bbox 1464 2911 1734 2973; x_wconf 87' lang='grc' dir='ltr'><strong>διδοασιν</strong></span> <span class='ocrx_word' id='word_1_201' title='bbox 1788 2910 2061 2993; x_wconf 82' lang='grc' dir='ltr'><strong>ἄμεινον.</strong></span> 
     </span>
     <span class='ocr_line' id='line_1_33' title="bbox 407 2991 2187 3078; baseline -0.001 -21"><span class='ocrx_word' id='word_1_202' title='bbox 407 2991 549 3058; x_wconf 88' lang='grc' dir='ltr'><strong>Τῶν</strong></span> <span class='ocrx_word' id='word_1_203' title='bbox 599 2996 873 3058; x_wconf 84' lang='grc' dir='ltr'><strong>δυνατῶν</strong></span> <span class='ocrx_word' id='word_1_204' title='bbox 912 3019 969 3057; x_wconf 89' lang='grc' dir='ltr'><strong>τι</strong></span> <span class='ocrx_word' id='word_1_205' title='bbox 1011 2993 1243 3060; x_wconf 79' lang='grc' dir='ltr'><strong>κέλευ’.</strong></span> <span class='ocrx_word' id='word_1_206' title='bbox 1293 2995 1366 3060; x_wconf 80' lang='grc' dir='ltr'><strong>οὐ</strong></span> <span class='ocrx_word' id='word_1_207' title='bbox 1414 2995 1528 3078; x_wconf 83' lang='grc' dir='ltr'><strong>γὰρ</strong></span> <span class='ocrx_word' id='word_1_208' title='bbox 1569 2995 1738 3078; x_wconf 84' lang='grc' dir='ltr'><strong>πάρα</strong></span> <span class='ocrx_word' id='word_1_209' title='bbox 1767 2992 2005 3057; x_wconf 87' lang='grc' dir='ltr'><strong>Κενταύ</strong></span> <span class='ocrx_word' id='word_1_210' title='bbox 2092 3018 2187 3056; x_wconf 92' lang='grc' dir='ltr'><strong>ισι.</strong></span> 
     </span>
     <span class='ocr_line' id='line_1_34' title="bbox 409 3017 2223 3164; baseline -0.001 -22"><span class='ocrx_word' id='word_1_211' title='bbox 409 3076 547 3142; x_wconf 90' lang='grc' dir='ltr'><strong>Τῶν</strong></span> <span class='ocrx_word' id='word_1_212' title='bbox 596 3078 732 3142; x_wconf 80' lang='grc' dir='ltr'><strong>ἔσθ’</strong></span> <span class='ocrx_word' id='word_1_213' title='bbox 787 3078 894 3147; x_wconf 76' lang='grc' dir='ltr'><strong>οὓς</strong></span> <span class='ocrx_word' id='word_1_214' title='bbox 934 3079 1216 3148; x_wconf 74' lang='grc' dir='ltr'><strong>ἐδίδαξαν</strong></span> <span class='ocrx_word' id='word_1_215' title='bbox 1268 3080 1555 3164; x_wconf 83' lang='grc' dir='ltr'><strong>ἀριστερὰ</strong></span> <span class='ocrx_word' id='word_1_216' title='bbox 1590 3081 1922 3162; x_wconf 82' lang='grc' dir='ltr'><strong>γράμματα</strong></span> <span class='ocrx_word' id='word_1_217' title='bbox 1959 3017 2223 3142; x_wconf 55' lang='grc' dir='ltr'><strong>Νἵοοῢσαι.</strong></span> 
     </span>
     <span class='ocr_line' id='line_1_35' title="bbox 398 3162 1952 3248; baseline -0.001 -20"><span class='ocrx_word' id='word_1_218' title='bbox 398 3162 611 3246; x_wconf 82' lang='grc' dir='ltr'><strong>Ὑμεῖς</strong></span> <span class='ocrx_word' id='word_1_219' title='bbox 651 3163 714 3228; x_wconf 83' lang='grc' dir='ltr'><strong>δ’</strong></span> <span class='ocrx_word' id='word_1_220' title='bbox 751 3164 982 3246; x_wconf 84' lang='grc' dir='ltr'><strong>Αἰγιεῖς</strong></span> <span class='ocrx_word' id='word_1_221' title='bbox 1028 3162 1171 3226; x_wconf 77' lang='grc' dir='ltr'><strong>οὔτε</strong></span> <span class='ocrx_word' id='word_1_222' title='bbox 1213 3167 1420 3248; x_wconf 88' lang='grc' dir='ltr'><strong>τρίτοι,</strong></span> <span class='ocrx_word' id='word_1_223' title='bbox 1470 3163 1613 3227; x_wconf 79' lang='grc' dir='ltr'><strong>οὔτε</strong></span> <span class='ocrx_word' id='word_1_224' title='bbox 1655 3162 1952 3247; x_wconf 87' lang='grc' dir='ltr'><strong>τέταρτοι.</strong></span> 
     </span>
     <span class='ocr_line' id='line_1_36' title="bbox 395 3246 2021 3331; baseline -0.002 -19"><span class='ocrx_word' id='word_1_225' title='bbox 395 3246 747 3312; x_wconf 62' lang='grc' dir='ltr'><strong>’Υπνώσσει</strong></span> <span class='ocrx_word' id='word_1_226' title='bbox 786 3249 844 3311; x_wconf 80' lang='grc' dir='ltr'><strong>δ’</strong></span> <span class='ocrx_word' id='word_1_227' title='bbox 886 3248 1027 3311; x_wconf 78' lang='grc' dir='ltr'><strong>οὐδ’</strong></span> <span class='ocrx_word' id='word_1_228' title='bbox 1079 3247 1264 3311; x_wconf 79' lang='grc' dir='ltr'><strong>ὅσσον</strong></span> <span class='ocrx_word' id='word_1_229' title='bbox 1315 3247 1577 3331; x_wconf 81' lang='grc' dir='ltr'><strong>ἀηδόνες</strong></span> <span class='ocrx_word' id='word_1_230' title='bbox 1613 3248 2021 3311; x_wconf 83' lang='grc' dir='ltr'><strong>ύπνώσσουσι.</strong></span> 
     </span>
     <span class='ocr_line' id='line_1_37' title="bbox 411 3331 2115 3417; baseline -0.002 -20"><span class='ocrx_word' id='word_1_231' title='bbox 411 3333 714 3397; x_wconf 85' lang='grc' dir='ltr'><strong>Φωκείων</strong></span> <span class='ocrx_word' id='word_1_232' title='bbox 760 3333 974 3417; x_wconf 86' lang='grc' dir='ltr'><strong>μέχρις</strong></span> <span class='ocrx_word' id='word_1_233' title='bbox 1018 3356 1089 3395; x_wconf 84' lang='grc' dir='ltr'><strong>κε</strong></span> <span class='ocrx_word' id='word_1_234' title='bbox 1136 3334 1292 3415; x_wconf 84' lang='grc' dir='ltr'><strong>μένῃ</strong></span> <span class='ocrx_word' id='word_1_235' title='bbox 1343 3333 1532 3415; x_wconf 87' lang='grc' dir='ltr'><strong>μέγας</strong></span> <span class='ocrx_word' id='word_1_236' title='bbox 1574 3333 1660 3394; x_wconf 88' lang='grc' dir='ltr'><strong>εἰν</strong></span> <span class='ocrx_word' id='word_1_237' title='bbox 1720 3333 1821 3394; x_wconf 86' lang='grc' dir='ltr'><strong>ἁλὶ</strong></span> <span class='ocrx_word' id='word_1_238' title='bbox 1866 3331 2115 3416; x_wconf 86' lang='grc' dir='ltr'><strong>μύδρος.</strong></span> 
     </span>
     <span class='ocr_line' id='line_1_38' title="bbox 408 3415 1969 3501; baseline -0.002 -20"><span class='ocrx_word' id='word_1_239' title='bbox 408 3416 652 3500; x_wconf 88' lang='grc' dir='ltr'><strong>Χειρῶν</strong></span> <span class='ocrx_word' id='word_1_240' title='bbox 700 3417 1079 3499; x_wconf 84' lang='grc' dir='ltr'><strong>ὀλλυμένων,</strong></span> <span class='ocrx_word' id='word_1_241' title='bbox 1126 3415 1292 3501; x_wconf 74' lang='grc' dir='ltr'><strong>ἔρρει</strong></span> <span class='ocrx_word' id='word_1_242' title='bbox 1336 3416 1674 3499; x_wconf 87' lang='grc' dir='ltr'><strong>πολύμητις</strong></span> <span class='ocrx_word' id='word_1_243' title='bbox 1708 3415 1969 3498; x_wconf 84' lang='grc' dir='ltr'><strong>Ἀθήνη.</strong></span> 
     </span>
     <span class='ocr_line' id='line_1_39' title="bbox 409 3499 2063 3586; baseline -0.001 -23"><span class='ocrx_word' id='word_1_244' title='bbox 409 3499 621 3586; x_wconf 82' lang='grc' dir='ltr'><strong>Χρειῶ</strong></span> <span class='ocrx_word' id='word_1_245' title='bbox 664 3499 842 3564; x_wconf 72' lang='grc' dir='ltr'><strong>πάντ’</strong></span> <span class='ocrx_word' id='word_1_246' title='bbox 882 3501 1144 3572; x_wconf 76' lang='grc' dir='ltr'><strong>ἐδίδαξε.</strong></span> <span class='ocrx_word' id='word_1_247' title='bbox 1187 3501 1247 3563; x_wconf 90' lang='grc' dir='ltr'><strong>τί</strong></span> <span class='ocrx_word' id='word_1_248' title='bbox 1283 3501 1356 3563; x_wconf 83' lang='grc' dir='ltr'><strong>οὐ</strong></span> <span class='ocrx_word' id='word_1_249' title='bbox 1394 3503 1587 3586; x_wconf 88' lang='grc' dir='ltr'><strong>χρειώ</strong></span> <span class='ocrx_word' id='word_1_250' title='bbox 1632 3522 1733 3566; x_wconf 89' lang='grc' dir='ltr'><strong>κεν</strong></span> <span class='ocrx_word' id='word_1_251' title='bbox 1781 3500 2063 3583; x_wconf 82' lang='grc' dir='ltr'><strong>ἀνεύροι;</strong></span> 
     </span>
    </p>
   </div>
  </div>
 </body>
</html>
