2452 4186
1243 319 1368 379 344

265 493 370 547 470
403 488 599 562 Quam
642 507 756 565 pro
800 487 1101 563 frequenti
1145 488 1361 547 civium
1399 487 1645 546 comitio

402 573 620 632 Ferale
657 572 874 651 glauco
912 573 1231 650 prandium
1275 574 1469 633 suasit
1515 573 1653 630 cani

402 659 653 718 Misisse
687 658 937 735 linguax
974 658 1271 735 virginum
1310 658 1486 716 trium
1527 665 1701 735 pater

405 744 664 805 Omnem
708 743 944 801 marino
990 751 1213 801 terram
1255 743 1572 802 inundanti
1612 742 1756 815 luto,
1809 791 1814 796 .

406 828 719 904 Siquando
757 817 973 886 fluctus
1016 829 1333 905 expuisset
1373 827 1651 886 faucibus

267 915 371 970 475
407 912 678 974 Sorbens
719 912 1003 988 procellis
1050 933 1229 971 omne
1275 913 1625 971 decumanis
1667 912 1882 985 solum,

402 997 647 1075 Nepam
696 997 805 1057 sed
846 997 951 1055 ille
996 998 1169 1056 fauce
1212 1018 1328 1075 pro
1373 1017 1536 1075 pupa
1579 1015 1826 1070 voram,

402 1084 626 1142 Partus
674 1082 923 1159 maligni
967 1091 1216 1157 questus
1264 1091 1361 1141 est
1406 1101 1560 1142 onus
1601 1101 1801 1158 grave.

404 1169 670 1226 Venator
713 1167 926 1226 adiens
972 1175 1034 1224 at
1073 1169 1377 1226 secundus
1422 1167 1682 1226 insulam

363 1280 377 1289 ³
406 1253 491 1313 Ut
531 1252 811 1329 expedite
855 1252 1138 1312 consulat
1175 1254 1354 1312 malis
1402 1253 1554 1324 sui8‚

268 1344 372 1398 480
404 1337 700 1416 Indigena
751 1338 955 1397 socius
1006 1339 1185 1413 epulo
1229 1338 1437 1397 liberis
1484 1338 1687 1408 Vitae,

403 1423 637 1482 Priscis
676 1423 972 1500 Lupercis
1015 1431 1194 1498 atque
1230 1423 1501 1499 Nyctimi
1545 1422 1757 1497 coquis

404 1509 641 1566 Lunam
691 1516 831 1565 ante
876 1509 1057 1580 natis,
1104 1509 1293 1566 filiam
1338 1507 1577 1584 glandis
1623 1507 1859 1582 dapem,

406 1593 663 1651 Torrere
710 1593 900 1651 suetis
946 1592 1007 1652 in
1052 1593 1385 1652 calentibus
1432 1592 1613 1664 foci8‚

404 1677 805 1749 Eviscerabit‚
852 1686 912 1736 et
952 1678 1301 1737 medullitus
1346 1679 1544 1736 trahet

267 1768 369 1822 485
404 1763 644 1840 Ligone
685 1762 921 1840 glebas,
965 1783 1141 1822 omne
1178 1764 1492 1842 vestigans
1539 1779 1801 1837 specum.

407 1846 594 1907 Cuius
647 1848 885 1906 necavit
927 1850 1234 1908 bronchus
1279 1849 1547 1908 Oetaeus
1592 1853 1848 1923 patrem,

403 1933 502 1992 Ad
543 1933 870 1992 verticillas
913 1934 1014 1992 ilis
1063 1942 1231 1993 artus
1273 1934 1613 1991 lancinans.

405 2017 782 2095 Adagionem
834 2018 993 2076 hunc
1038 2019 1235 2077 sensit
1280 2027 1527 2097 accepto
1572 2015 1759 2087 malm

407 2102 588 2178 Quod
634 2103 894 2179 plurima
936 2105 1094 2162 inter
1131 2104 1414 2181 poculum
1458 2112 1517 2161 et
1560 2103 1795 2160 labrum
1839 2099 2002 2158 solet

267 2191 371 2247 490
404 2187 681 2246 Vertisse
718 2187 909 2246 fatum
945 2208 1045 2248 res
1085 2208 1274 2267 agens
1318 2188 1676 2248 mortalium.

403 2272 483 2331 Et
521 2274 660 2331 tabe
703 2292 957 2333 manans
1005 2294 1114 2333 ora
1154 2272 1483 2351 spumanti,
1532 2271 1813 2331 occidens

404 2357 772 2419 Solocisetus
815 2358 1228 2418 imminentem
1270 2360 1600 2430 ulciscitur,
1797 2352 1802 2363 '

404 2442 558 2504 Salii
599 2462 888 2503 coercens
931 2446 1117 2503 incito
1171 2453 1333 2505 statu
1376 2445 1614 2503 volam..

403 2530 486 2587 At
525 2529 737 2587 tertius
786 2530 1059 2589 tollentis
1107 2550 1182 2588 ex
1230 2549 1381 2587 cava
1424 2536 1598 2606 petra

266 2617 369 2672 495
404 2612 604 2672 Natus
649 2615 898 2673 neronis
943 2635 1132 2687 arma,
1179 2615 1349 2674 cuius
1386 2615 1447 2671 in
1489 2622 1689 2671 torum

401 2698 552 2756 Idea
594 2698 767 2756 iunix
813 2709 1028 2776 sponte
1079 2700 1452 2759 conscendet
1494 2717 1625 2772 sua,

356 2806 357 2809 ¹
402 2780 573 2856 Quae
610 2783 749 2841 viva
790 2786 1020 2843 Averni
1067 2786 1260 2844 obibit
1302 2786 1570 2858 umbras,
1615 2782 1952 2859 questubus

401 2868 481 2927 Et
531 2868 816 2939 lacrumis
861 2871 1138 2929 confecta
1174 2870 1394 2928 Muniti
1436 2888 1683 2946 parem,

402 2950 597 3026 Quem
643 2960 797 3013 torta
832 2952 1169 3015 Crestonae
1211 2955 1428 3032 anguis
1475 2954 1539 3011 in
1583 2952 1899 3012 venatibus

264 3041 368 3094 500
400 3036 685 3112 Necabit‚
730 3058 929 3098 acrem
974 3040 1288 3118 cuspidem
1331 3040 1611 3116 infligens
1655 3037 1869 3114 pedae,

399 3123 522 3182 Ubi
565 3125 832 3200 parentis
872 3125 1194 3184 collocabit
1235 3125 1300 3183 in
1344 3143 1558 3183 manus

403 3205 663 3284 Captiva
702 3210 895 3287 patris
945 3210 1084 3270 avia
1118 3211 1343 3269 furtivo
1389 3218 1584 3268 satum

400 3297 627 3352 Amore
669 3294 921 3369 pullum,
974 3296 1069 3354 cui
1111 3296 1319 3372 iugum
1366 3295 1539 3354 solae
1584 3293 1885 3355 hosticum

400 3378 608 3436 Iecere
660 3380 966 3440 servitutis
1009 3380 1229 3439 Actaei
1268 3380 1400 3457 lupi

263 3466 371 3522 505
406 3462 749 3536 Hostimen‚
795 3473 973 3540 atque
1015 3458 1297 3524 Bacchae
1336 3464 1614 3523 ademtae
1645 3462 1927 3541 gratiam,

405 3548 675 3624 Quorum
720 3551 1018 3609 rotundae
1056 3550 1320 3615 testulae
1364 3568 1580 3608 caesus
1621 3548 1845 3622 tholus,
