2452 4186
1159 307 1232 365 17

274 506 277 511 ·
365 473 420 532 O
459 474 609 534 Orci
649 473 826 531 vobis
873 474 950 530 ah
995 475 1153 532 male
1199 477 1293 533 sit·
1323 477 1642 534 tenebrae:

282 560 432 616 Tam
482 558 710 616 bellum
757 559 928 617 nobis
973 561 1260 635 rapuistis
1308 580 1622 637 passerem
1660 561 1925 636 iniquae.

368 645 421 704 O
462 644 622 701 male
665 644 922 702 factum!
970 665 1005 702 o
1050 646 1133 702 mi
1174 665 1411 720 passer,
1455 654 1629 704 atrox
1669 646 1937 705 facinus!

278 732 436 788 Ecce
479 737 585 786 tua
630 747 853 787 caussa
898 738 1139 789 nostrae
1184 732 1513 788 tumefacta
1553 731 1795 807 puellae

362 815 745 890 Turgescunt
790 814 972 873 salsis
1013 815 1245 873 lumina
1286 815 1637 873 lacrimulis.

284 941 335 998 9.
423 941 690 998 Parodia
730 945 811 998 ad
832 942 1140 999 Phaselum
1191 941 1407 1000 Catulli
1451 943 1565 1018 [4],
1615 946 1676 1000 in
1728 941 2109 1012 Causidicum,

571 1029 670 1100 qui
711 1027 905 1084 relicto
939 1029 1080 1102 soro
1124 1030 1521 1102 coquinariam
1549 1030 1833 1103 faciebat.

279 1111 579 1168 Patronus
623 1110 748 1182 ille,
796 1131 973 1185 quem
1024 1112 1240 1170 videtis
1286 1112 1577 1187 hospites,

277 1196 385 1253 Ait
429 1195 626 1252 fuisse
668 1194 939 1272 litigator
977 1197 1269 1272 optimus3

274 1279 499 1355 Neque
537 1280 721 1338 ullius
768 1282 1055 1340 minantis
1103 1284 1393 1358 impetum
1439 1282 1550 1338 fori

274 1364 590 1439 Nequisse
635 1365 925 1439 detinere,
975 1367 1103 1424 sive
1150 1366 1477 1424 crastinum

274 1450 524 1507 Iuberet
569 1450 883 1525 ampliare,
932 1470 1040 1508 seu
1085 1451 1500 1527 perendinum.

276 1536 359 1591 Et
386 1534 513 1591 hoc
559 1544 739 1612 negat
788 1536 1009 1594 feracis
1050 1536 1413 1611 Aquitaniae

275 1619 526 1696 Negare
565 1640 726 1691 rura,
772 1621 1235 1695 Vasconumque
1279 1621 1527 1692 limiteS,

268 1703 558 1763 'Cadurca
597 1705 825 1782 iugera,
872 1719 932 1763 et
974 1706 1261 1763 Rhutena
1307 1725 1557 1781 pascua,

280 1790 671 1861 Lemovices,
716 1798 1035 1865 trucesque
1081 1790 1509 1868 Petragorios:

278 1874 402 1933 Ubi
448 1876 568 1932 iste
612 1880 768 1951 pos't‘
795 1884 1109 1951 patronus,
1154 1886 1336 1933 antea
1379 1876 1493 1932 fuit

277 1961 351 2016 In
398 1961 545 2017 urbe
587 1960 806 2018 scriba.
889 1959 1053 2017 Nam
1095 1960 1424 2019 forensium
1465 1960 1527 2016 in
1572 1977 1754 2036 grege

275 2046 595 2119 Loquente
639 2064 823 2122 saepe
866 2045 1225 2121 scriptitavit
1266 2047 1507 2104 arbitro,

276 2136 560 2188 Amoene
609 2130 855 2203 Tarnis,
905 2139 963 2188 et
1006 2131 1320 2189 Garumna
1364 2130 1663 2206 corniger,

279 2216 425 2272 Tibi
470 2216 623 2272 haec
657 2216 852 2274 fuisse
893 2225 952 2273 et
997 2235 1135 2274 esse
1182 2215 1597 2294 cognitissima

280 2300 387 2357 Ait
426 2308 753 2376 patronus:
797 2300 1011 2357 ultima
1048 2321 1124 2358 ex
1171 2302 1402 2378 origine

280 2385 434 2442 Tuis
482 2385 676 2443 fuisse
719 2386 920 2445 scriba
959 2386 1102 2443 dicit
1143 2387 1422 2444 urbibus:

280 2470 436 2527 Tuis
479 2479 770 2546 patronus
818 2471 1090 2529 adfuisse
1125 2470 1377 2528 civibus.

279 2556 362 2611 Et
400 2555 544 2611 inde
590 2563 681 2632 tot
718 2576 845 2632 per
872 2556 1250 2614 exsecranda
1295 2557 1562 2629 praemia

283 2639 521 2716 Stipem
570 2639 807 2713 tulisse,
851 2641 1047 2712 laeva,
1089 2642 1220 2697 sive
1263 2642 1513 2696 dextera

284 2723 546 2783 Sonaret
588 2744 763 2795 aere3
812 2727 940 2783 sive
983 2735 1297 2799 utramque
1341 2725 1616 2801 Iuppiter

284 2808 479 2868 Simul
527 2820 778 2867 sonante
823 2819 1097 2888 tangeret
1132 2810 1417 2886 pecunia:

283 2893 504 2970 Neque
547 2895 671 2951 ulla
713 2903 852 2953 vota
892 2895 1295 2971 quaestuariis
1345 2895 1461 2952 diis

286 2979 422 3039 Sibi
457 2998 597 3038 esse
636 2981 818 3052 facta,
865 3000 996 3036 cum
1042 2980 1265 3037 rediret
1307 2998 1343 3035 a
1381 2981 1506 3037 foro

281 3066 483 3122 Lucro
533 3074 822 3141 gravatus
868 3084 1058 3139 usque
1102 3064 1399 3139 propriam
1445 3065 1699 3122 domum.

285 3148 413 3208 Sed
458 3151 612 3207 haec
648 3151 816 3225 prius
849 3151 1047 3207 fuere:
1098 3168 1255 3206 nunc
1302 3149 1530 3207 cibaria

283 3235 528 3312 Ligurit
565 3244 768 3306 uncta,
820 3254 1003 3308 seque
1043 3242 1355 3291 consecrat
1398 3235 1505 3292 tibi

287 3319 511 3377 Culina
558 3320 750 3392 dives,
794 3328 852 3376 et
893 3319 1092 3375 culina
1124 3318 1346 3376 divitis.

909 3445 1001 3503 10.
1096 3448 1262 3502 Idem
1304 3446 1489 3502 aliter.

284 3533 561 3608 Magirus
609 3531 715 3589 ille
759 3550 937 3606 quem
979 3531 1197 3588 videtis
1245 3530 1540 3604 hospites,

1665 3639 1701 3696 2
