2452 4186
1202 320 1332 380 212

657 489 760 552 καὶ
801 487 915 570 γὰρ
961 487 994 550 ὃ
1040 486 1253 591 μωρὸς
1292 484 1443 570 ὑπὲρ
1492 483 1758 567 μέτριον,
1802 483 1928 548 ἐστὶ
1967 484 2189 570 σοφός.

316 610 324 618 ·
369 576 463 649 14,
483 576 628 637 217.
656 571 916 650 πόστος,
970 572 1074 634 καὶ
1131 569 1368 633 πόσσου
1426 570 1727 647 δειπνεῖν,
1778 567 1965 652 μόνον
2026 571 2189 646 εἰπὲ,

1574 656 1881 736 προαιρεῖ,

655 741 758 804 καὶ
806 740 996 824 μηδὲν
1039 737 1181 821 λέγε
1219 737 1392 843 πρός.
1440 736 1668 820 δόρπον
1712 738 2166 821 ὁπλισσώμεθα.

367 828 463 901 14,
483 827 628 897 218.
659 824 731 888 οὐ
773 825 1076 907 καλάμοις
1102 821 1353 906 μόνονν
1317 844 1479 926 ορνις
1499 822 1835 898 ἁλίσκεται,
1880 822 2042 884 ἀλλὰ
2084 824 2195 886 καὶ

656 910 865 993 χερσὶν
890 909 1015 976 ἕως
1039 909 1324 992 δολεραῖς
1348 905 1647 976 αὔξεται
1610 929 1735 990 ηκα
1750 905 1952 975 δόναξ
1981 907 2194 992 [ιρδῇ,

365 997 462 1071 14,
484 996 629 1058 212.
659 993 990 1076 ἀνθρώπου
1022 992 1134 1075 μὲν
1163 996 1357 1075 κρᾶτα
1383 990 1631 1076 βλέπων
1661 990 1871 1074 μόνον,
1910 986 2195 1076 (Ἕκτορα

657 1157 938 1244 ἔμμεναι.
985 1160 1226 1243 ὀρθὸν
1202 1163 1388 1244 ορῶν,
1434 1097 1859 1222 'Astiffigim
1889 1159 2113 1242 λέγοις.

364 1249 463 1323 14,
484 1249 629 1309 213.
655 1246 695 1327 ἡ
744 1245 1026 1308 νικασθαι
1072 1244 1243 1348 ἐθὰς,
1284 1246 1388 1307 καὶ
1435 1245 1516 1329 μὴ
1567 1249 1731 1327 νικᾶν
1778 1245 2037 1307 δεδαυῖα

659 1331 759 1394 σοὶ
793 1328 1011 1413 πέλτη,
1059 1331 1222 1413 νάνῳ
1264 1329 1317 1393 δ’
1371 1327 1617 1392 ἔσσεται
1662 1327 1810 1412 εὐρυ
1863 1329 2067 1397 σάκος.

366 1417 460 1493 14,
482 1418 627 1480 220.
658 1415 720 1478 αἱ
768 1418 1090 1498 καρυκεῖαι
1136 1414 1323 1496 μόνον
1369 1414 1445 1476 οὐ
1490 1412 1768 1497 τέχνημα
1817 1412 2137 1519 μαγείρου.

659 1499 828 1562 εἰσίν.
877 1499 1240 1580 δεσποτικὴν
1284 1498 1387 1561 καὶ
1434 1498 1538 1581 ὅγε
1578 1503 1785 1580 γεῦσιν
1834 1496 1990 1581 εχοι.

366 1588 462 1662 14,
482 1587 628 1648 222.
658 1582 812 1666 αὐτὴ
858 1585 992 1667 χεὶρ
1036 1581 1233 1686 εργων
1280 1584 1378 1645 σοὶ
1416 1583 1705 1686 σχήματα
1748 1583 1936 1666 μυρία
1967 1582 2193 1652 τεύξει.

656 1669 695 1748 ἡ
743 1668 932 1750 ξουθὴ
985 1666 1180 1750 μούνῃ
1225 1669 1378 1750 τῇδε
1429 1666 1690 1771 μέλισσα
1733 1671 1929 1728 πονεῖ.

409 1757 464 1828 1,
527 1755 628 1816 40.
661 1752 727 1820 ὃς
765 1757 1000 1835 συσπᾷς
1038 1751 1119 1814 τὰ
1158 1751 1467 1835 πρόσωπα
1513 1749 1686 1813 καὶ”
1643 1773 1911 1834 ασμενος
1948 1750 2019 1813 οὖ
2047 1749 2190 1814 τάδ’

1575 1835 1864 1917 ἐπέγνως,

657 1923 804 1983 πᾶσι
835 1918 906 1981 eb
937 1919 1070 2002 μὲν,
1108 1920 1191 2002 μὴ
1224 1917 1288 1982 δ’
1310 1920 1416 1999 εἷς,
1456 1920 1745 2004 βάσκανε,
1779 1920 1873 1983 σοὶ
1905 1917 2192 2003 φθονέοι.

427 2021 579 2070 Haec.
613 2019 788 2069 omnia
817 2017 924 2069 fere
964 2018 1021 2066 in
1061 2017 1196 2067 lecto
1232 2017 1488 2084 Iosephus
1526 2017 1758 2082 Scaliger
1789 2019 1887 2068 Iul.
1923 2017 2082 2071 Cass.
2121 2017 2195 2072 F.

495 2088 790 2140 meditando
825 2086 1139 2138 insomniam
1178 2103 1326 2138 suam
1366 2087 1637 2140 solabatur
1670 2103 1806 2140 anno
1849 2084 1979 2139 1601
2020 2089 2195 2139 noeti-

495 2158 592 2212 bus
629 2156 970 2235 brumalibus.

866 2250 931 2309 E
959 2252 1334 2326 praefatione
1375 2250 1669 2309 Seriverii.

495 2333 642 2385 Haeo
693 2339 813 2384 sunt
848 2341 1023 2385 vetera
1061 2334 1444 2406 epigrammatis
1481 2334 1623 2398 saxis
1659 2334 1819 2384 incisa
1861 2341 1914 2383 et
1951 2333 2016 2384 ab
2053 2334 2194 2382 anti

359 2404 554 2467 quariis
590 2403 788 2453 Romae
831 2410 882 2451 et
917 2402 1042 2452 alibi
1083 2402 1373 2466 descripta:
1412 2418 1545 2467 quae
1571 2404 1650 2451 vir
1673 2402 1893 2452 Illustris
1930 2417 1997 2450 ex
2025 2400 2193 2453 Latio

358 2473 412 2522 in
449 2471 721 2523 Graeciam
754 2472 996 2536 ipsasque
1031 2473 1162 2520 adeo
1202 2471 1440 2521 Athenas
1478 2472 1680 2524 Atticas
1716 2486 1877 2535 nuper
1910 2471 2192 2534 transtulit,

360 2548 412 2591 et
450 2556 653 2591 mecum
687 2540 1110 2590 communicavitz
1146 2554 1452 2589 asseverans
1491 2542 1747 2603 quaedam
1774 2556 1841 2589 ex
1860 2540 1923 2589 iis
1941 2539 2194 2590 Martiale

356 2610 572 2674 indigna
604 2624 711 2660 non
746 2624 886 2672 esse,
920 2609 1026 2659 imo
1067 2607 1253 2677 γνήσια
1287 2612 1380 2660 τοῦ
1421 2612 1659 2677 ποιητοῦ.
1736 2609 1873 2659 Sane
1912 2608 2193 2673 Epigram-

356 2680 500 2742 mati,
539 2678 655 2729 Hoc
701 2678 846 2727 mdis
891 2678 1126 2743 auriqae,
1180 2678 1535 2742 adscripserat„
1577 2677 1699 2729 Non
1741 2676 2030 2727 dubitamus
2078 2692 2195 2727 esse

356 2744 642 2797 Martialis.
707 2747 778 2796 Et
813 2762 970 2811 quum
1004 2747 1339 2811 Epitaphium
1376 2746 1595 2807 Phoebi,
1634 2746 1740 2796 Hie
1771 2746 1901 2795 situs
1929 2753 2005 2794 est
2029 2742 2194 2807 Gelli,

360 2822 413 2866 et
453 2815 790 2881 Epitaphium
828 2815 1043 2865 Flaviae
1084 2815 1438 2880 Dionysiadis‚
1496 2814 1601 2865 Hic
1651 2815 1791 2864 iacet
1838 2814 2063 2879 eoeiyuis,
2115 2816 2193 2864 ad

356 2898 441 2933 me
475 2885 726 2946 mitteret,
767 2899 874 2933 non
918 2883 1172 2933 dubitavit
1208 2883 1527 2943 adscribere,
1579 2882 1725 2933 Haec
1758 2883 1855 2932 duo
1896 2882 2192 2949 Epigram-

357 2959 504 3003 mata
541 2953 630 3019 qui
664 2951 931 3018 negaverit
967 2967 1074 3000 esse
1104 2950 1393 3012 Martialis,
1432 2951 1557 3017 quid
1590 2953 1658 3001 sit
1681 2950 1967 3011 MartialiS,
2000 2950 2192 3001 nescit.

358 3019 514 3081 Quod
549 3029 722 3074 tamen
767 3036 865 3084 ego
915 3019 970 3068 in
1015 3019 1244 3078 medium
1297 3021 1549 3084 relinquO.
1622 3021 1856 3084 Sequens
1897 3034 2016 3078 vero
2055 3019 2189 3082 Epi-

357 3104 618 3153 gramma,
667 3090 805 3153 quod
850 3088 986 3138 Iulio
1027 3087 1240 3138 Caesari
1285 3090 1341 3139 in
1375 3091 1688 3139 membranis
1727 3088 1950 3152 antiquis
1990 3088 2192 3137 adseri·

354 3158 511 3221 bitur,
556 3166 686 3210 teste
741 3156 803 3209 G.
836 3157 1105 3225 Fabrici03
1160 3158 1248 3207 alii
1294 3158 1374 3222 (in
1425 3158 1505 3208 his
1542 3158 1799 3223 Gyraldus
1838 3165 1888 3205 et
1924 3156 2191 3221 Scaliger)

360 3225 665 3280 Germanico
703 3226 1031 3292 [Domitiano
1067 3241 1267 3292 nempe,
1303 3228 1375 3276 uti
1411 3241 1507 3289 ego
1546 3226 1754 3292 opinor]
1793 3226 2032 3287 tribuunt,
2047 3261 2186 3276 .....

357 3296 476 3345 addi
515 3296 700 3356 velim,
745 3297 824 3344 uti
873 3295 939 3345 ab
995 3294 1186 3346 Illustri
1238 3295 1353 3345 viro
1402 3294 1599 3346 Graece
1646 3310 1952 3345 conversum
1997 3300 2094 3356 est,
2130 3302 2193 3343 et

357 3365 519 3416 serius
557 3366 623 3416 ad
656 3377 741 3414 me
778 3365 1026 3428 pervenit.

340 3439 560 3530 ’Έβρῳ
607 3441 922 3529 ἐφεψιόων
967 3440 1216 3548 Βορέαο
1261 3440 1562 3524 πεπηγότι
1608 3441 1810 3525 ριπαῖς

448 3528 779 3616 βριθοσύνῃ
817 3526 1087 3591 πλακόεν
1121 3531 1346 3610 κοῦρος
1392 3526 1662 3610 ἔθραυσε
1702 3524 1918 3588 πέδον·
