2452 4186
1164 317 1289 377 399

308 489 497 549 Adsis
532 487 678 561 Dia,
718 488 1023 558 hominum
1061 488 1351 565 frangens
1393 485 1648 544 audacia
1688 484 1870 555 facta,

310 574 394 635 Ut
431 592 679 650 semper
720 573 943 632 iustam
984 592 1178 648 aequa
1220 573 1422 630 ferant
1464 569 1725 647 vestigia
1766 569 1972 639 vitam,

313 658 602 720 Omnium
645 658 748 733 qui
790 667 986 716 terrae
1023 666 1350 717 vescuntur
1391 674 1638 714 munere
1685 655 1915 731 opim0‚

309 749 509 819 Atque
536 743 909 801 animantum
932 744 1141 816 alium,
1189 760 1465 820 quaeque
1500 741 1712 798 educat
1735 738 2142 813 omniparenti

310 830 492 889 Alma
534 829 674 887 sinu
715 829 921 901 tellus,
961 837 1021 886 et
1062 847 1217 903 quae
1255 827 1439 885 maris
1487 843 1823 901 aequoreus
1873 824 2012 882 Dis.

992 996 1170 1073 Leqis
1208 1016 1454 1054 carmen.
2059 995 2139 1053 63

313 1082 713 1160 Coeligenum
740 1089 918 1155 atque
944 1081 1250 1139 hominum
1279 1081 1520 1158 genium
1548 1088 1608 1137 te
1629 1079 1794 1137 Diva
1817 1097 1970 1138 voco
1985 1080 2141 1150 Lex,

313 1167 679 1239 Coelestem,
725 1166 1073 1236 astrificem,
1115 1185 1317 1224 rerum
1361 1184 1681 1224 commune
1730 1164 2026 1241 sigillum3

312 1253 554 1324 Terrai,
602 1251 889 1326 aequorei
931 1247 1091 1323 sali',
1134 1259 1505 1327 naturaeque
1551 1257 1872 1309 statumen.

312 1336 586 1398 Coneors
632 1345 691 1393 et
735 1343 1016 1394 constans
1065 1355 1321 1395 servans
1369 1337 1526 1394 bene
1563 1335 1801 1412 legibus
1845 1342 2073 1411 aptum,

314 1421 464 1496 Quis
511 1430 577 1478 tu
619 1422 674 1480 is
718 1440 1084 1497 componens
1125 1421 1284 1479 coeli
1325 1420 1693 1478 immortalia
1732 1420 1885 1491 iura,

311 1509 391 1566 Et
436 1502 622 1582 quati'
669 1506 1000 1564 sublestam
1044 1506 1336 1564 invidiam
1379 1502 1679 1583 vortigini’
1722 1505 1875 1562 rituz

314 1592 436 1669 Qui
483 1594 642 1650 bona
684 1591 791 1649 das
830 1591 990 1649 vitae
1029 1586 1373 1649 mortalibu'
1417 1591 1622 1648 munia
1662 1590 1849 1647 obire.

315 1676 469 1738 Sola
502 1676 724 1754 etenim
767 1676 1080 1733 moderare
1112 1676 1487 1733 animantum
1534 1683 1750 1732 cuncta
1790 1674 2083 1751 guberna,

315 1761 608 1822 Consiliis
651 1779 905 1819 cernens
950 1761 1491 1819 observantissima
1532 1760 1745 1818 rectis:

315 1846 535 1921 Casca,
577 1854 851 1923 experta,
895 1865 1093 1904 comes
1141 1846 1319 1904 iustis
1361 1846 1610 1903 innoxia
1652 1863 1913 1920 semper,

311 1932 705 2006 Iniustosque
742 1932 1116 1989 labefaciens
1160 1926 1494 2009 ingentibu’
1539 1930 1736 1987 noxis.

315 2016 440 2077 Sed
486 2017 835 2076 veneranda
858 2016 1225 2091 opulentifer
1256 2016 1520 2074 omnium
1555 2033 1809 2073 amoena
1834 2013 2137 2088 voluptas,

312 2103 437 2164 Fac
475 2105 563 2161 tui
605 2123 712 2161 nos
751 2122 1070 2175 memores,
1119 2102 1403 2178 aspirans
1455 2121 1680 2160 nomen
1719 2100 1997 2158 amicum.

848 2272 1137 2329 Mavortis
1180 2273 1463 2346 suffimen,
1503 2281 1611 2329 tus.
2062 2267 2144 2325 64

313 2356 726 2435 Magnanime,
742 2355 1070 2432 impavide,
1083 2356 1305 2414 invicte
1319 2365 1502 2432 atque
1530 2355 1861 2431 asperrime
1880 2355 2142 2423 MavorS,

316 2442 642 2514 Indomite,
691 2441 1083 2518 armipotens,
1118 2441 1443 2517 parricida,
1486 2440 1889 2517 impetimure,

317 2528 668 2604 Marspiter,
708 2546 744 2583 o
791 2527 1225 2601 crepericrepe,
1268 2527 1412 2584 tabo
1462 2535 1522 2584 et
1558 2526 1851 2602 sanguine
1881 2523 2142 2594 stillans,

321 2611 652 2689 Sanguinis
701 2611 949 2668 humani
992 2611 1205 2670 sitiens
1238 2611 1591 2688 bellicrepc,
1629 2618 1823 2681 torve,

317 2698 614 2767 Ensibus,
657 2704 836 2770 atque
879 2698 1206 2754 inamoena
1244 2697 1453 2755 colens
1498 2696 1830 2754 certamina
1875 2693 2075 2751 runis:

321 2781 488 2844 Siste
532 2780 819 2853 duellum,
867 2789 926 2839 et
971 2781 1275 2839 cordolios
1321 2782 1636 2856 requiesce
1673 2778 1984 2850 tumultus,

319 2868 513 2942 Inque
557 2865 908 2925 Venustatis
949 2866 1144 2938 divae,
1165 2900 1169 2904 -
1192 2874 1253 2923 et
1298 2864 1508 2924 Brumi
1554 2867 1677 2924 otia
1720 2866 1839 2936 dia,

321 2953 406 3010 Et
425 2969 664 3010 .munus
708 2949 962 3010 Cereale
1005 2950 1192 3008 duelli
1235 2952 1439 3009 confer
1483 2971 1777 3021 amorem3

323 3035 580 3112 Semper
613 3054 826 3112 pacem
866 3043 1106 3113 optans,
1155 3037 1378 3094 victum
1425 3045 1485 3094 et
1526 3056 1592 3094 re
1634 3055 1782 3113 eope
1821 3035 2139 3111 vigentem.

733 3205 974 3265 Volcani
1009 3208 1288 3282 suffimen,
1328 3206 1758 3267 libanomanna.
2063 3202 2141 3261 65

320 3290 591 3349 Volcane
636 3291 1044 3366 omnipotens,
1087 3291 1444 3362 fortissime,
1499 3291 1858 3364 flammaque
1897 3307 2142 3364 perpeS,

324 3374 553 3453 Ignitis·
592 3377 818 3436 florens
858 3376 1045 3448 auris,
1086 3372 1373 3434 Lucetiu'·
1408 3376 1565 3448 dius,

318 3456 642 3533 Lucerius,
682 3462 937 3535 Viriate,
983 3459 1153 3519 Nero
1199 3470 1467 3533 aeterne,
1522 3460 1975 3536 artipotensque

317 3544 686 3621 Ferrifaber,
729 3566 1063 3625 purumque
1101 3546 1484 3620 elementum,
1525 3545 1728 3624 portio
1769 3545 1998 3617 mundi,
