2452 4186
1055 328 1136 387 69

197 496 277 554 Tu
319 503 528 554 contra
568 496 883 570 (horresco
932 495 1308 572 memorans)
1351 496 1446 553 hic
1489 496 1622 553 iura
1665 497 1963 574 fidemque

196 581 445 651 calcata,
498 581 598 637 hic
639 581 872 656 patriae
918 600 1271 640 conversum
1313 581 1376 637 in
1418 580 1656 639 viscera
1691 582 1937 656 ferrum,

196 667 368 742 (Proh
411 663 637 742 pudor)
681 664 1001 742 Hispanos
1046 667 1318 723 dominos
1356 666 1419 721 in
1464 674 1623 723 tecta
1662 677 1968 745 receptos,

194 754 436 810 Mutatos
487 749 798 808 Gallorum
843 752 1099 823 animos,
1150 760 1209 808 et
1253 751 1460 809 saecla
1499 759 1785 825 nepotum

193 836 609 913 Degenerasse
655 835 846 893 refers
896 835 1174 893 virtutem
1222 835 1416 893 oblita
1457 844 1806 911 parentum:

193 926 270 981 Ac
309 930 369 978 te
407 920 709 990 faelicem‚
758 922 853 977 cui
904 922 1176 998 contigit,
1219 921 1339 978 ista
1384 921 1736 996 priusquam

193 1007 447 1083 Longius
491 1006 552 1061 in
600 1006 856 1064 miseros
901 1013 1150 1082 serpant
1176 1006 1473 1082 contagia
1517 1003 1750 1079 Gallos,

196 1090 538 1167 Oppetiisse
586 1097 786 1147 tamen
829 1090 1139 1165 pulchram
1177 1110 1290 1165 per
1331 1090 1586 1148 vulnera
1622 1099 1893 1151 mortem.

194 1176 457 1249 Denique
506 1182 565 1231 et
608 1175 719 1231 hoc
764 1175 1005 1247 melius,
1049 1195 1229 1250 quam
1271 1176 1324 1233 si
1360 1184 1420 1233 te
1467 1176 1663 1232 lurida
1713 1178 1884 1237 tabes

194 1261 489 1318 Devotum
528 1261 742 1317 morbo
793 1269 994 1335 caput,
1043 1268 1103 1317 et
1148 1260 1281 1318 sine
1332 1261 1571 1317 nomine
1612 1261 1796 1320 funus

193 1348 530 1404 Absumset.
579 1344 818 1416 melius,
858 1364 1033 1418 quam
1083 1346 1137 1402 si
1185 1354 1244 1402 te
1287 1345 1553 1419 caespite
1597 1345 1704 1401 vili

195 1417 580 1507 Supposituni
622 1430 850 1488 velaret
894 1432 1110 1488 humus
1158 1430 1508 1506 peregrina:
1549 1448 1745 1503 neque
1784 1430 1946 1490 ullus

190 1516 469 1590 Exequiis
515 1515 750 1590 patriae
794 1516 1172 1592 contingeret
1219 1516 1470 1572 haustus
1511 1534 1754 1587 arenae,

191 1605 299 1660 Aut
337 1599 635 1671 tumuluS,
670 1600 901 1657 tumulo
957 1609 1015 1657 et
1051 1600 1155 1657 leti
1201 1600 1591 1675 superaddita
1635 1619 1855 1659 caussa

193 1686 259 1743 Et
297 1686 505 1755 funus,
551 1684 652 1759 qui
699 1684 862 1743 solus
911 1685 1110 1743 honos
1157 1692 1252 1742 est
1297 1684 1523 1742 lumine
1570 1686 1788 1744 cassis.

190 1770 274 1827 Tu
308 1769 612 1844 loqueris:
658 1770 874 1827 tacitus
925 1770 1245 1846 suspensis
1297 1771 1542 1827 auribus
1588 1770 1696 1826 illa

193 1854 531 1913 Conventus
578 1854 731 1912 bibit
773 1854 1079 1913 Heroum:
1125 1874 1238 1912 nec
1281 1855 1403 1910 iam
1446 1864 1549 1912 tua
1596 1855 1786 1913 sentis

192 1939 478 1997 Vulnera:
522 1960 648 1997 non
688 1941 967 2016 gemitus,
1013 1960 1129 1997 non
1175 1941 1327 1996 haec
1370 1940 1647 1997 mortalia
1689 1959 1894 1999 curas:

192 2024 261 2082 Et
296 2044 454 2101 quae
502 2044 619 2081 non
668 2040 843 2083 curas
894 2025 1067 2083 nobis
1118 2025 1396 2082 deflenda
1443 2025 1758 2100 relinquis.

190 2111 511 2182 Flebimus‚
557 2118 619 2167 et
657 2111 935 2181 memori,
994 2112 1046 2168 si
1090 2111 1235 2185 quid
1271 2111 1375 2186 pia
1420 2112 1689 2168 carmina
1731 2120 2012 2187 possunt,

193 2194 250 2255 Si
287 2198 426 2270 quis
464 2215 640 2252 amor
670 2197 797 2252 veri
845 2203 957 2266 est,
1004 2203 1063 2251 te
1110 2196 1661 2254 commendabimus
1710 2215 1884 2255 aevo.

190 2279 469 2338 Dicemus
518 2280 734 2338 validis
777 2281 1065 2339 defensas
1105 2281 1332 2338 viribus
1380 2299 1573 2344 arces,

191 2364 371 2437 Quam
420 2364 773 2441 Gardampa
803 2384 1018 2441 rapax,
1049 2374 1107 2422 et
1134 2384 1311 2439 quam
1343 2365 1491 2423 lavit
1513 2384 1690 2422 amne
1712 2366 2010 2442 Vigenna.

189 2451 494 2508 Addentur
540 2450 675 2508 fuso
720 2450 1000 2526 palantes
1045 2450 1287 2526 agmine
1330 2459 1563 2507 turmae

187 2533 315 2593 Non
363 2536 501 2593 sine
543 2543 626 2607 te,
671 2544 729 2591 et
773 2536 933 2611 turpi
980 2543 1287 2592 vertentes
1328 2542 1498 2611 terga
1545 2535 1774 2591 timore.

186 2623 265 2678 Ac
306 2620 586 2695 quamvis
636 2620 844 2678 titulus
890 2619 1089 2696 plenis
1133 2620 1245 2676 tibi
1286 2620 1579 2677 fructibus
1626 2620 1842 2695 ingens

184 2709 498 2762 Armorum
548 2705 759 2761 merito
806 2714 931 2763 est:
978 2713 1181 2762 tamen
1230 2711 1323 2762 est
1365 2705 1534 2782 prior
1575 2702 1783 2761 ordine
1824 2705 2012 2769 virtus

184 2789 255 2846 Et
300 2791 519 2849 doctae
563 2790 842 2865 impubes
887 2798 1056 2847 aetas
1103 2798 1360 2865 operata
1401 2791 1731 2847 Minervae.

186 2872 343 2933 Siste
391 2894 618 2952 parens
662 2875 967 2947 lacrimas,
1014 2876 1200 2932 animi
1246 2882 1525 2933 matrona
1568 2873 1783 2947 virilis,

187 2956 405 3033 Siqua
452 2960 605 3018 fides
650 2968 851 3017 vatum
901 2960 1191 3036 auguriis,
1239 2968 1441 3017 manet
1482 2960 1728 3017 ultimus
1774 2961 2016 3018 hostem

184 3042 430 3114 Exitus3
473 3046 637 3102 haud
683 3046 895 3102 humili
934 3044 1243 3122 persolvet
1283 3046 1523 3102 vindice
1563 3063 1811 3120 poenas.

189 3127 425 3187 Interea
464 3130 576 3188 has
612 3131 921 3201 lacrimas,
964 3130 1183 3188 solatia
1225 3149 1383 3188 vana
1435 3129 1667 3188 doloris

190 3215 409 3291 Accipe
449 3235 588 3273 care
630 3235 803 3291 puer,
844 3216 983 3272 dum
1027 3215 1272 3290 paulum
1316 3234 1461 3272 cura
1499 3214 1763 3273 remissa

193 3294 390 3357 Laxat
427 3302 542 3358 iter
585 3302 736 3372 voci,
783 3308 847 3357 ut
895 3300 1075 3357 liceat
1119 3308 1222 3356 tua
1264 3300 1462 3357 dicere
1507 3301 1686 3356 facta.

195 3382 407 3459 Accipe
449 3405 585 3443 care
627 3405 780 3462 puer
820 3385 1126 3456 lacrimam
1178 3384 1467 3459 salveque
1513 3385 1789 3459 valeque.
