2452 4186
1268 293 1391 352 268

503 459 810 520 consertis
854 459 1043 518 labris
1091 458 1169 518 ad
1210 481 1348 519 mea
1391 462 1563 520 labra
1606 463 1769 521 suis!

422 630 615 706 (06)
960 623 1273 709 Κηρύσσω
1321 628 1422 690 τὸν
1454 624 1725 711 Ἔρωτα.

415 717 577 775 Acer
617 717 808 774 Amor
849 715 1007 773 lecto
1058 716 1307 790 paribus
1357 735 1422 773 se
1464 712 1711 774 sustulit
1747 717 1862 774 alis

499 799 708 857 Prima
745 801 898 858 luce.
940 799 1118 874 Quis,
1161 821 1217 873 0,
1265 800 1465 872 dicite,
1510 800 1658 857 vidit
1698 802 1876 858 eum?

416 884 612 943 Dulce
656 905 810 962 puer
853 885 1160 943 lacrimat:
1201 885 1507 962 petulanS,
1551 885 1886 961 simumque
1933 889 2208 948 renidet:

504 971 744 1047 Aliger:
799 989 873 1028 ex
917 970 1182 1028 humeris
1222 972 1388 1046 picta
1430 971 1716 1047 pharetra
1762 980 1960 1030 sonat.

418 1052 543 1114 Sed
578 1063 752 1132 patre
795 1074 914 1129 quo
954 1055 1214 1131 genitus,
1243 1056 1332 1112 nil
1358 1056 1497 1113 dum
1524 1056 1671 1114 scio.
1717 1056 1985 1116 Lucidus
2013 1059 2253 1132 aether,

501 1139 694 1198 Terra
736 1141 952 1212 ferum,
998 1148 1058 1197 et
1099 1149 1325 1217 pontus
1367 1141 1772 1217 progenuisse
1817 1152 2065 1219 negant.
2301 1142 2304 1145 ¹

419 1223 698 1284 Oderunt
738 1244 951 1284 omnes
992 1226 1262 1284 omnino.
1307 1227 1389 1284 At
1432 1226 1723 1299 quaerite,
1765 1222 1826 1284 si‘
1859 1247 1979 1303 qua

500 1310 769 1368 Incautis
818 1311 1037 1369 animis
1080 1312 1235 1368 retia
1278 1310 1470 1368 tendit
1509 1311 1721 1368 adhuc.

416 1397 618 1470 Atque
662 1414 868 1452 eccum
910 1396 973 1452 in
1009 1396 1280 1454 latebris.
1324 1395 1537 1467 Video,
1579 1395 1893 1455 iaculator.
1938 1398 2004 1456 in
2047 1398 2211 1476 ipsis

500 1480 866 1556 Zenophiles
919 1481 1134 1553 oculis,
1184 1501 1219 1540 o
1266 1481 1536 1558 fugitive,
1580 1480 1756 1539 lates.

416 1647 612 1725 C(17)
943 1644 1288 1708 Πωλείσθω
1335 1648 1439 1707 καὶ
1484 1649 1728 1728 ματρὸς.

414 1734 713 1805 Vaeneat,
763 1741 823 1790 et
862 1734 1089 1810 gremio
1131 1735 1521 1809 requiescens
1569 1736 1779 1794 matris
1823 1735 1887 1792 in
1925 1736 2098 1813 ipso:

500 1818 794 1876 Vaeneat.
844 1818 1204 1876 indomitum
1248 1839 1352 1877 cur
1395 1838 1584 1896 genus
1630 1820 1795 1878 istud
1838 1821 1973 1879 alo?

412 1903 494 1964 Et
536 1904 777 1974 simum',
829 1912 887 1961 et
926 1904 1167 1962 volucre
1205 1913 1320 1976 est,
1355 1914 1415 1962 et
1441 1915 1647 1964 acutos
1671 1906 1961 1980 imprimit
1984 1924 2256 1984 ungues,

498 1990 579 2046 Et
614 1987 744 2044 risu
787 1988 851 2044 iu
891 1989 1105 2047 mediis
1148 1990 1388 2048 fletibus
1439 2010 1549 2049 ora
1591 1991 1798 2065 quatit.

414 2073 745 2131 Praeterea
787 2073 1138 2148 durumque,
1182 2073 1552 2152 loquaxque,
1600 2084 1660 2134 et
1697 2075 1922 2134 lumine
1966 2076 2257 2150 vibrans3

502 2157 693 2230 Quem
741 2177 939 2233 neque
980 2168 1363 2217 mansuetum
1410 2162 1634 2219 dixerit
1672 2161 1814 2237 ipsa
1852 2179 2103 2238 parens.

324 2262 328 2266 ’
416 2243 614 2302 Totus
659 2244 1015 2320 prodigium.
1066 2243 1189 2303 Sed
1236 2256 1509 2303 vaeneat.
1557 2247 1796 2305 institor
1839 2247 2025 2306 adsis.

500 2326 571 2388 Si
614 2328 723 2386 tibi
770 2329 1136 2405 mancipium
1177 2349 1321 2387 cura
1363 2351 1606 2407 parare,
1653 2333 1813 2389 veni.

416 2414 555 2472 Flet
590 2422 815 2488 tamen,
861 2433 1019 2472 ecce.
1059 2415 1228 2473 Bono
1260 2416 1458 2473 animo
1484 2436 1569 2474 es.
1590 2424 1651 2473 te
1674 2437 1793 2475 non
1822 2436 1934 2493 ego
1960 2418 2255 2492 vendam,

500 2498 620 2557 Hic
664 2518 798 2556 cum
844 2500 1188 2577 Zenophila
1231 2501 1385 2572 vive,
1442 2502 1742 2578 simulque
1789 2520 1985 2560 mane.

418 2668 495 2744 ζ(
510 2669 609 2745 18)
922 2662 1075 2727 Εἶπε
1116 2666 1429 2728 Λυκαινίδι
1471 2666 1728 2750 Δορκὰς.

414 2754 680 2826 Dorcas,
727 2755 804 2826 ei,
849 2773 1005 2830 quae
1051 2773 1119 2812 se
1171 2754 1496 2813 simulabat
1543 2776 1765 2828 amare,
1813 2755 2102 2831 Lycaeni,

500 2838 642 2911 Dic,
687 2848 864 2915 capta
904 2859 1004 2911 es3
1048 2839 1257 2898 Patuit
1301 2847 1571 2916 tempore
1619 2843 1793 2899 fictus
1841 2844 2044 2898 Amor.
2153 2848 2157 2850 ‘

419 3008 612 3085 ζ(20)
927 3002 1052 3073 Νὺξ
1101 3007 1328 3087 μακρὴ,
1379 3008 1481 3068 καὶ
1524 3012 1735 3089 χεῖμα.

419 3093 569 3153 Nox
614 3094 815 3151 media
859 3100 954 3152 est
997 3102 1057 3151 et
1102 3095 1297 3153 saevit
1319 3096 1545 3153 hiems:
1593 3095 1792 3152 media
1819 3094 2041 3154 occidit
2066 3097 2260 3157 undis

504 3178 742 3238 Pleias:
791 3198 899 3255 ego
945 3179 1020 3236 ad
1065 3178 1372 3238 Dominae
1415 3180 1710 3257 perpluor
1751 3181 1941 3238 imbre
1982 3180 2170 3240 fores.

417 3263 575 3323 Uror
619 3284 819 3321 amore
861 3264 1152 3323 Helenes·
1199 3264 1364 3323 Nam
1410 3275 1549 3324 sunt
1595 3285 1667 3322 ea
1711 3266 1835 3322 tela
1879 3264 2142 3339 doloriS,

500 3347 637 3406 Non
688 3368 874 3421 amor,
921 3368 952 3407 e
991 3351 1204 3426 rapido
1246 3370 1399 3426 quae
1442 3350 1588 3407 iacit
1625 3351 1764 3427 igne
1808 3349 2050 3410 Venus.'
