2452 4186
1099 317 1180 375 ³⁸
1191 315 1312 408 1„-

245 484 633 557 Undifluens,
680 491 739 542 et
775 503 926 542 rava
967 491 1170 556 tuens,
1213 485 1572 561 agitansque
1617 482 1972 560 quadrigas,

243 569 764 646 Expergefaciens
812 577 1031 647 vegeto
1075 569 1235 627 vada
1275 569 1444 629 salsa
1482 577 1775 626 tremore:

248 655 461 713 Tertia
503 654 648 729 quoi
692 655 843 713 sorti
889 654 1075 713 cessit
1118 654 1310 712 tutela
1347 653 1605 725 marina,

246 738 662 816 Scamigerum
701 758 856 816 pecu
897 757 1134 811 amans,
1165 746 1226 796 et
1257 757 1445 813 aquas
1483 738 1637 810 sali’,
1662 735 1903 794 caerulo
1925 734 2073 794 Die:

247 824 413 886 Siste
455 832 675 882 statum
718 832 937 895 terrae,
986 824 1268 900 aspirans
1306 825 1475 882 bona
1516 817 1758 881 navibu'
1802 822 2015 893 flabra,

245 910 591 984 Pacemque
618 917 799 984 atque
828 909 1083 968 salutem
1115 909 1370 981 addens,
1395 917 1455 967 et
1470 927 1651 985 opum
1677 926 1862 965 aurea
1894 905 2074 965 dona.

785 1080 863 1135 In
914 1078 1235 1149 Vaeiovem,
1282 1098 1528 1136 carmen.
2000 1073 2073 1132 17

246 1162 659 1239 Magnanime,
699 1162 1040 1220 induferum
1088 1163 1446 1240 pervolgans
1500 1163 1673 1220 fulva
1709 1162 1950 1234 silenta,

248 1247 548 1305 Tartarea
587 1256 763 1321 atque
807 1266 1121 1324 crepusca,
1165 1247 1426 1306 oblitera
1467 1256 1643 1323 prata
1677 1248 1969 1319 tenebris,

248 1332 533 1391 Tellumo
574 1331 890 1405 Vaeiovis,
932 1332 1158 1391 arserio
1203 1340 1263 1390 te
1301 1334 1419 1391 hoc
1461 1351 1709 1390 munere
1751 1340 1961 1390 macto·

246 1416 364 1476 Dis
404 1418 510 1491 qui
557 1418 874 1475 cardineus
919 1417 1147 1475 Terrae
1187 1418 1341 1476 cluis
1387 1417 1860 1493 omniparentis:
1901 1478 1908 1488 ,

248 1501 470 1563 Saecla
510 1502 690 1560 nimis
733 1502 933 1576 ditans
980 1503 1264 1561 mortalia
1307 1501 1581 1579 frugibus
1625 1502 1863 1574 hornis,

249 1587 462 1646 Tertia
496 1588 644 1660 quoi
690 1588 844 1645 sorti
888 1588 1078 1645 tutela
1121 1587 1371 1645 obvenit
1412 1588 1661 1660 Averni,

247 1671 589 1732 Caelituum
631 1672 876 1744 solium,
927 1673 1162 1730 firmum
1204 1672 1551 1730 stabilimen
1601 1673 1952 1731 homonum.

247 1757 366 1831 Qui
415 1757 615 1816 solum
647 1758 862 1829 habes,
908 1758 984 1814 ad
1012 1766 1212 1815 castra
1246 1758 1559 1829 obnubila,
1584 1765 1758 1815 senta
1782 1758 2075 1831 tenebris,

244 1842 617 1919 Longinqui,
664 1842 917 1915 aeterni,
964 1851 1024 1899 et
1065 1842 1466 1901 inexorabilis
1510 1842 1677 1914 Orci,

246 1931 447 2002 Atque
487 1927 838 1985 Acherunta
879 1935 1096 1999 atrum,
1139 1929 1323 1985 terrai
1355 1928 1619 1985 immane
1661 1935 1989 1985 statumen:

245 2014 393 2071 Iura
433 2019 650 2070 tenens
698 2012 1273 2071 hominumffMortai
1322 2033 1590 2084 munere,
1634 2020 1864 2086 sancte,
1919 2036 1929 2042 ¹

248 2097 474 2170 Conse,
517 2098 690 2156 Deae
742 2097 982 2157 Cereris
1030 2119 1282 2175 pueram
1332 2100 1435 2173 qui
1479 2100 1676 2158 victus
1721 2119 1950 2172 amore,

251 2183 584 2243 Gramineo
627 2191 862 2258 raptam
902 2193 1078 2260 prato
1124 2204 1234 2260 per
1277 2185 1521 2242 caerula
1557 2184 1732 2260 ponti

253 2269 632 2345 Quadriiugo
679 2269 943 2326 avexisti
988 2269 1256 2342 equitatu
1305 2270 1385 2325 ad
1418 2268 1683 2327 Atthidis
1733 2276 1991 2339 antrum,

252 2353 474 2413 Gentis
520 2353 885 2411 Eleusinae:
926 2352 1031 2410 ubi
1077 2361 1218 2410 sunt
1257 2353 1562 2428 spiracula
1601 2353 1849 2411 Averni.

249 2439 450 2498 Unice
494 2446 642 2497 nota
681 2438 852 2496 Deus
898 2455 1156 2495 censens
1196 2437 1525 2514 ignotaque
1569 2457 1792 2494 rerum.

250 2522 475 2595 Cerite,
516 2524 909 2598 induperans,
953 2522 1360 2592 sanctissime,
1412 2540 1663 2597 compos
1711 2523 2036 2593 honorum,

249 2604 496 2666 Vatibu’
547 2609 938 2683 praestitibus
985 2608 1280 2684 gaudens,
1326 2614 1384 2664 et
1422 2607 1667 2666 cultibu’
1710 2607 1964 2666 sanctis:

251 2694 420 2752 Mitis
467 2693 636 2765 ades,
681 2713 833 2771 rogo
879 2701 962 2766 te,
1005 2693 1204 2751 laetus
1249 2689 1664 2751 venerantibu’
1705 2687 1927 2750 turbis.

588 2865 866 2921 Tonantis
908 2865 1068 2921 Iovis
1109 2862 1391 2937 suffimen,
1430 2871 1730 2920 siurac-em.
2004 2861 2079 2920 18

251 2948 551 3024 Iuppiter,
591 2948 844 3006 altisoni
880 2956 1165 3022 torquens
1211 2947 1352 3005 loca
1394 2946 1674 3004 flammea
1719 2947 1949 3022 mundi,

250 3033 674 3109 Fulgetrarum
719 3033 953 3091 animas
990 3033 1268 3108 crispans
1315 3026 1707 3106 petulantibu'
1751 3033 2034 3104 flammiS,

255 3117 602 3177 Coelituum
649 3118 827 3176 sedes
875 3135 1293 3191 conquassans
1327 3116 1581 3174 fulmine
1624 3134 1823 3190 sacre,

251 3202 675 3280 Flammigeris
720 3203 1023 3280 stringens
1074 3210 1383 3278 streperos
1424 3201 1794 3260 torrentibus
1834 3202 2038 3279 ignes:

257 3287 555 3347 Tormina
588 3288 711 3362 qui,
755 3288 1019 3359 nimbos,
1070 3288 1253 3345 rubra
1293 3287 1435 3358 tela,
1476 3287 1745 3343 tonitrua
1784 3288 1959 3346 bruta

254 3371 502 3445 VibraS,
547 3372 869 3431 involvens
915 3372 1182 3429 animata
1233 3367 1571 3430 rubentibu?
1612 3371 1776 3445 telis,

252 3456 716 3531 Flammivoma,
760 3466 821 3516 et
862 3458 1322 3534 perterricrepa,
1366 3456 1655 3532 ir[r]itata
1695 3458 1910 3530 ruinis,

255 3538 555 3619 Praepes,
601 3561 791 3604 ovans
835 3543 1044 3615 telum,
1090 3541 1557 3619 cordigrumum,
1603 3541 2076 3620 horricapillum.
