2452 4186
1109 299 1233 359 266

194 487 198 490 “
262 469 359 542 14,
382 469 480 529 32.
509 464 801 548 κόσμημα
847 470 1148 548 στρατιῆς,
1195 470 1372 548 ,τιμῆς
1413 464 1751 570 πρόξίχημα
1788 463 2081 568 ποθεινῆς

511 553 712 625 τοῦτο,
761 546 1178 633 Τριβουνείαις
1217 554 1395 631 ζῶμα
1438 548 1669 633 πρέπον
1713 547 1952 651 λαγόσι.

264 638 362 711 14,
384 639 485 698 33.
516 634 853 716 ἰθυτενὴς“
820 657 894 716 ην
924 636 1088 720 φλὲψ
1118 637 1392 719 μεσάτην
1425 633 1711 736 ἐχάραξε,
1741 633 2049 717 μάχαιραν

516 719 800 790 σίζουσαν
848 721 1083 827 ψυχρὸν
1133 721 1293 823 βάψε
1336 716 1632 786 Σάλωνος
1671 717 1861 799 ὕδωρ

264 807 360 879 14,
368 807 485 869 ..34
511 800 825 886 Καίσαρος
870 805 1079 887 εἰρήνη
1127 830 1169 887 μ
1180 804 1444 887 ’ἐρατὴν
1490 803 1553 870 ἐς
1594 807 1809 886 χρῆσιν
1842 800 2080 885 ἔκαμψε

512 887 779 971 πρόσθεν
823 887 1011 950 ὅπλον
1063 894 1364 971 στρατιῆς,
1405 892 1506 950 νῦν
1557 888 1627 949 δὲ
1663 887 2028 993 γεωπονίης.

265 976 361 1048 14,
385 977 487 1039 36.
516 977 705 1034 ταῦτα
735 979 1192 1077 περισσοφυοῦς
1209 978 1406 1056 κουρᾷ
1433 973 1656 1077 τριχδς
1658 969 1834 1036 ἔντεα
1856 969 2077 1053 πέμπω

513 1057 975 1139 ἄρμενα,καὶτά
997 1057 1247 1139 γνάθοις
1275 1058 1406 1139 ὲν,
1433 1057 1555 1119 ταο
1575 1053 1783 1126 ὄνυξι
1807 1058 2080 1145 μακροῖς.

266 1144 362 1217 14,
385 1146 485 1205 37.
515 1141 587 1224 ἥν
637 1163 741 1223 μοι
787 1141 989 1246 βιβλία
1034 1142 1115 1224 μὴ
1163 1143 1348 1227 διδῷς
1386 1141 1665 1215 δεθέντα,

518 1226 742 1294 εἰσάξω
794 1225 960 1302 σέας,
1002 1227 1078 1310 ἠὲ
1128 1231 1316 1309 σῆτας
1362 1225 1589 1308 ὠμούς.

268 1314 362 1387 14,
383 1315 486 1375 38.
514 1312 599 1378 εἰς
618 1311 684 1374 τὸ
706 1269 1634 1413 γράφειν,καλάμουςΜεμφῖτις
1647 1310 2080 1392 γαῖαχορηγεῖ,

513 1397 619 1479 τὴν
665 1396 884 1477 λοιπὴν
936 1397 997 1457 5
1042 1397 1189 1478 ὕλην
1242 1397 1328 1464 εἰς
1375 1397 1441 1458 τὸ
1481 1395 1778 1477 κάλυμμα
1824 1394 2054 1475 τέγους.

267 1482 365 1554 14,
389 1483 489 1542 39.
518 1481 724 1562 κοίτης
761 1480 995 1586 λύχνος
1042 1481 1162 1561 ἐγὼ
1209 1484 1350 1563 τεῆς
1395 1480 1714 1562 συνίστωρ,

515 1569 710 1628 ποιεῖν
756 1563 812 1639 ὅ,
818 1588 903 1626 ττι
945 1588 1062 1628 ποτ
1138 1564 1208 1627 ἂν
1255 1564 1469 1646 θέλῃς,
1518 1569 1752 1627 σιωπῶ.

268 1652 364 1723 14,
385 1652 486 1710 40.
517 1649 746 1749 λύχνου
792 1650 888 1711 σοὶ
932 1650 1290 1755 θεραπαινὶς
1334 1649 1471 1751 ἧκε
1495 1648 1704 1732 κλήρῳ
1835 1726 1842 1737 „

517 1734 749 1818 ὄρφνης
789 1736 1161 1838 παννυχίδος
1201 1734 1411 1839 φύλαξ
1446 1732 1768 1816 ἄγρυπνος.

267 1819 364 1893 14,
387 1820 486 1880 44.
515 1820 588 1902 ἣν
619 1819 700 1901 μὴ
728 1841 1008 1923 τηρησῃς
1037 1823 1105 1883 τὸ
1136 1821 1297 1922 φάος
1323 1817 1529 1898 (ξύλον
1562 1817 1686 1899 εἰμὶ
1709 1816 1853 1899 γὰρ)
1888 1814 1957 1877 ἐκ
1978 1819 2082 1878 τοῦ

521 1902 873 1987 λυχνούχου
923 1904 1148 1988 λύχνος
1190 1928 1225 1966 κ
1307 1903 1462 1987 αἶψα
1509 1900 1746 1984 γένοιτο
1795 1900 2005 1983 μέγας.

269 1989 365 2062 14,
391 1990 490 2049 43.
520 1988 971 2089 λαμπτήρεσσιν
1003 1988 1124 2069 ἐγὼ
1148 1989 1256 2071 μὲν
1279 1989 1604 2069 ἐπώνυμος
1624 1986 1747 2067 εἰμὶ
1780 1987 2081 2051 παλαιοῖς.

520 2071 830 2155 ἄγνωστος
871 2072 1196 2178 προγόνοις
1235 2074 1479 2178 νήφοσι
1500 2070 1724 2155 λύχνος
1770 2068 1899 2152 ἔην.

268 2160 364 2231 14,
387 2161 487 2218 61.
518 2157 712 2264 φανδς
739 2155 1020 2239 ὃδηγὸς’
985 2175 1115 2241 εχω
1145 2158 1252 2240 μὲν
1282 2164 1415 2242 φῶς
1444 2154 1822 2262 ἔμφρουρον,
1852 2155 1988 2238 ἐμῷ
2019 2154 2086 2216 δὲ

518 2242 684 2324 ἕρκεϊ
722 2246 991 2323 τηρεῖται
1034 2242 1282 2328 λυχνίον
1326 2240 1679 2324 ἀσφαλέως.

272 2328 368 2402 14,
389 2329 489 2389 62.
521 2327 574 2389 εἰ
605 2326 686 2409 μὴ
721 2325 788 2387 ἐκ
817 2327 1114 2431 κεράτων,
1148 2332 1279 2434 μῶν
1313 2327 1435 2408 εἰμὶ
1470 2323 1841 2408 μελαντέρη;
1883 2322 1925 2407 ἤ
1966 2346 2052 2391 τις

518 2410 720 2473 κύστιν
779 2410 1118 2475 ύπαντιόων
1168 2410 1362 2473 οιεται
1408 2411 1736 2493 εἰσοράαν;

273 2499 369 2570 14,
392 2499 492 2557 41.
523 2495 610 2563 εἷς
644 2494 867 2579 λύχνος
910 2495 1235 2579 κέκλημαι,
1268 2496 1392 2604 ἐμῇ
1420 2495 1602 2578 φλογὶ
1636 2495 1853 2576 καίπερ
1893 2492 2089 2556 ὅλοισι

525 2580 885 2662 συμποσίοις
929 2582 1187 2664 φαίνων,
1225 2582 1327 2642 καὶ
1371 2578 1721 2662 πολύμυὲος
1761 2578 1903 2640 ἐών.

270 2669 369 2740 14,
391 2667 493 2727 63.
521 2665 687 2726 τίπτε
719 2667 905 2748 γελᾷς
926 2665 1474 2747 καλάμοιςπηκτήν
1510 2687 1583 2746 με
1601 2662 1860 2743 καὶῇδέϊ
1886 2668 2090 2746 κηρῷ,

520 2773 558 2830 η
600 2753 864 2855 πρῶτον
886 2751 1123 2830 γεγαυῖ’
1171 2748 1375 2812 ἔσκεν
1391 2748 1794 2854 ὁμοιοπαγής.

273 2836 369 2909 14,
392 2837 491 2896 47.
520 2831 681 2937 τῆλε
694 2856 926 2915 νεηνιαι
949 2834 1106 2896 ἐστέ
1132 2832 1398 2895 πέπουσι
1402 2831 1543 2939 γὰρ
1572 2832 1827 2937 ἤραρον.
1860 2832 2089 2917 ἀμφοῖν

520 2917 782 3021 κωρύκῳ
828 2918 1060 2988 παίζειν
1108 2919 1303 2991 παισὶ,
1348 2916 1598 3001 γέρουσι
1640 2915 1918 3000 πρέπει..

271 3005 369 3077 14,
393 3007 495 3065 48.
525 3001 707 3066 ταῦθ
723 3001 1053 3086 ἦρπα[σ]σ
1070 3002 1355 3065 Ανταίου
1380 3002 1805 3064 ἐνὶσταδίοισιν
1822 3002 2096 3084 ἀθλητὴς

521 3088 815 3193 ἠλεμάτῳ
855 3090 1067 3151 τείνων
1114 3086 1319 3171 μακρὰ
1360 3089 1701 3170 τράχηλα
1681 3085 1908 3171 πόνῳ..

271 3177 372 3247 14,
395 3177 494 3235 46.
525 3172 648 3254 εἰμὶ
687 3173 817 3255 τεὴ,
863 3176 1010 3256 λαιῇ
1055 3173 1288 3243 παίζων
1338 3171 1400 3234 εἴ
1444 3197 1485 3255 μ
1541 3170 1713 3238 οἶδας
1756 3137 2053 3234 ἀπωθεῖν.

344 3285 353 3290 ·
524 3256 580 3318 εἰ
623 3256 692 3318 δὲ
728 3280 822 3319 τοι
869 3257 981 3320 οὐκ
1021 3257 1215 3332 οἶδας,
1266 3259 1529 3341 σφαῖραν
1575 3256 1789 3339 ἀγροῖκ
1800 3253 2092 3322 ἀπόδος.

270 3344 371 3417 14,
394 3343 494 3403 49.
522 3341 686 3402 τίπτε
709 3342 900 3426 μάτην
930 3342 1802 3449 ἁλτῆρσιπονεῢσιβραχίονες
1827 3340 2089 3423 κρείσσω

528 3424 651 3487 ἐστὶ
695 3426 951 3509 βροτοὺς
1001 3428 1206 3490 ἀσκεῖν
1257 3424 1406 3508 ἔργα
1446 3427 1888 3533 φυτοσκαφίης
1993 3475 2002 3484 .

270 3514 373 3587 14,
396 3513 496 3576 50
527 3509 692 3593 ὄφρα
734 3511 799 3573 τὸ
847 3512 1137 3595 πηλῶδες
1179 3511 1358 3595 τρίχα
1400 3511 1481 3593 μὴ
1529 3509 1791 3594 κήρωμα
1838 3510 2064 3593 μιαίνοι
