2452 4186
1250 324 1369 381 32⁴

411 492 641 565 Fuerit,
683 492 804 553 nisi
847 499 929 550 t'u.
976 512 1175 551 nonne
1217 494 1452 552 conieci
1489 495 1688 552 bene?

410 579 573 637 Men.
656 579 962 638 Abscedo.
1001 597 1143 636 nam
1177 597 1333 653 quae
1373 580 1696 656 turpitude,
1742 580 1900 639 velle
1940 600 2082 639 eum

264 669 397 723 1160
417 661 716 723 Sermone
757 663 1078 741 castigare,
1121 664 1225 738 qui
1271 664 1418 741 cogi.
1445 665 1685 740 potest?

343 807 350 814 ,
414 750 565 809 Teu.
607 748 909 807 Abscede.
923 767 1063 806 nam
1077 767 1258 823 quam
1274 757 1450 826 turpe
1471 757 1530 806 et
1542 750 1934 809 inhonestum
1949 760 2049 810 est
2060 752 2241 826 mihi,

413 834 742 897 Attendere
792 834 1021 894 homini
1067 833 1364 891 effutienti
1402 834 1649 892 inania?

418 921 529 982 ch.
618 921 813 978 Atrox
852 918 977 977 litis
1019 926 1323 976 certamen
1371 920 1501 977 erit.

418 1005 721 1079 Quantum
764 1003 929 1079 potis
972 1021 1062 1075 es,
1106 1023 1374 1080 propera
1415 1004 1672 1077 Teucer,

266 1095 399 1150 1165
417 1092 802 1163 Fossamque
843 1106 1052 1146 cavam
1094 1087 1247 1147 citus
1293 1089 1432 1146 huic
1472 1108 1634 1147 cura.

417 1174 541 1235 Ubi
581 1181 880 1252 perpetua
922 1173 1220 1254 celebrem
1262 1174 1493 1232 cunctis

419 1260 749 1319 Tumulum
790 1277 922 1316 cum
968 1257 1149 1315 laude
1194 1260 1443 1317 tenebit.

417 1346 570 1404 Teu.
650 1347 733 1404 At
778 1363 915 1401 ecce
955 1351 1205 1420 praesto
1255 1343 1510 1420 tempori
1554 1344 1778 1402 adsunt
1814 1365 2113 1422 proxume

415 1433 498 1492 Et
534 1436 752 1508 gnatus
793 1429 969 1486 huius
1007 1436 1187 1503 atque
1230 1430 1535 1505 particeps
1577 1429 1718 1502 tori,

266 1523 403 1575 1170
418 1516 505 1576 Ut
550 1522 931 1590 exequantur
966 1514 1081 1571 rite
1122 1513 1306 1572 funus
1342 1515 1581 1572 mortui.

421 1603 478 1662 O
522 1620 696 1678 puer,
739 1599 1046 1657 adesdum.
1091 1617 1204 1675 age
1253 1600 1495 1658 accidas
1540 1599 1804 1676 supplex
1845 1600 2031 1676 patri,

422 1687 543 1763 Qui
587 1694 647 1743 te
692 1685 753 1742 in
802 1703 1097 1761 supernas
1140 1685 1296 1742 lucis
1327 1678 1477 1743 'oras
1524 1685 1744 1743 edidit:

417 1772 521 1831 Illi
565 1770 771 1831 asside
813 1768 1190 1846 suppliciter,
1239 1778 1313 1827 et·
1342 1770 1619 1829 manibus
1665 1777 1803 1827 tene

419 1860 630 1930 Meas,
666 1863 726 1913 et
762 1855 962 1926 huiuS,
1008 1863 1068 1911 et
1105 1861 1242 1912 tuas
1283 1855 1491 1912 itidem
1532 1874 1760 1928 comas,

268 1950 402 2003 1175
424 1941 741 2019 Supplicia
784 1940 1142 1997 velamenta.
1196 1941 1361 2014 quod
1404 1941 1458 1998 si
1503 1942 1756 1999 exerciti

422 2026 677 2102 Quidem
726 2025 1069 2102 aggreditur
1119 2032 1358 2082 mortuo
1398 2033 1457 2082 te
1502 2026 1784 2099 avellere,

422 2112 698 2171 Tollatur
741 2109 1083 2186 insepultus
1128 2129 1161 2166 e
1199 2111 1400 2168 medio
1446 2112 1633 2170 male:

421 2200 503 2257 Et
551 2205 795 2255 eruatur
831 2213 1050 2271 genere
1093 2202 1225 2252 toto
1275 2195 1572 2272 stirpitus,

426 2281 700 2356 Qualiter
742 2300 855 2358 ego
900 2280 1080 2337 istum
1128 2280 1404 2355 praesico
1455 2282 1678 2339 crinem
1725 2300 1924 2337 manu.

270 2370 608 2441 1180Puer,
654 2376 794 2424 tene
830 2365 1032 2422 illum:
1077 2383 1275 2437 serva,
1321 2366 1495 2423 habe.
1542 2384 1654 2423 nec
1697 2373 1756 2422 te
1799 2373 1961 2423 statu

420 2454 763 2513 Demoveat
806 2450 1063 2526 aliquis:
1110 2458 1206 2508 ast
1244 2451 1493 2508 inhaere
1537 2452 1676 2508 huic
1718 2451 2019 2509 accidens.

420 2538 577 2611 Nec,
615 2558 650 2595 o
694 2532 958 2607 sodales,
997 2555 1111 2612 pro
1156 2535 1304 2594 viris
1344 2535 1717 2594 muliebriter

423 2624 548 2682 Vos
594 2621 812 2699 gerite:
859 2621 967 2679 sed
1008 2621 1230 2691 iuvate,
1272 2621 1465 2678 donec
1511 2640 1731 2679 venero

425 2707 748 2766 Tumulum
791 2707 931 2764 huic
969 2724 1320 2781 procurans,
1366 2707 1567 2766 nullus
1611 2707 1675 2764 id
1716 2706 1879 2765 sinat
1917 2704 2082 2762 licet.

1098 2789 1359 2866 Stropka
1410 2792 1555 2849 VII.

427 2876 536 2937 Ch.
619 2876 1089 2952 Reciprocifuga
1131 2876 1505 2952 temporibus
1551 2884 1720 2935 aetas

423 2962 874 3036 Numerosique
916 2960 1192 3018 volumen
1212 2944 1225 2967 ’
1239 2962 1396 3035 aevi,

428 3048 684 3123 Quando
728 3046 968 3104 desinet
1006 3045 1212 3103 miseri

426 3134 551 3191 Tot
589 3149 905 3190 aerumnas
949 3129 1097 3188 belli

427 3217 622 3276 Nobis
662 3216 980 3294 duplicans

428 3303 716 3361 Residem
762 3302 839 3358 ad
882 3300 1153 3372 Troiam,
1200 3298 1448 3357 Troiam
1488 3298 1752 3373 inquam,

426 3388 716 3446 Probrum
763 3385 1172 3461 maculamque
1214 3382 1627 3442 Graecorum?

1035 3471 1417 3545 Antistropha
1469 3468 1614 3527 VII.

428 3559 675 3621 Utinam
722 3556 799 3630 is,
846 3556 1074 3614 utinam
1110 3557 1172 3613 in
1211 3554 1473 3613 aetheris
1514 3572 1659 3613 oras
