2452 4186
1207 293 1329 353 120

353 454 500 514 Non
541 456 866 529 oderimus,
911 478 1031 518 non
1077 464 1413 521 amabimus
1462 464 1675 522 bonos.

355 626 455 684 41.
543 625 878 687 Commune
921 639 1160 705 patrum
1198 632 1423 688 crimen
1466 631 1843 709 indulgentia
1886 643 2000 707 e‘st,
2094 670 2101 678 ·

352 712 539 770 Vultu
580 721 871 788 paternae
914 716 1181 774 caritatis
1233 734 1300 774 se
1348 716 1631 774 offerens.

354 794 541 855 Gnati
574 798 812 874 nepotis
845 820 970 857 non
1013 819 1292 859 coercere
1330 802 1614 877 impetus,

351 882 433 940 Et
471 881 536 939 in
577 883 811 939 ruinam
852 886 1311 944 subministrare
1358 886 1584 958 omnia,

352 966 617 1028 Affabile
662 968 866 1026 odium
909 978 1024 1042 est,
1066 980 1126 1028 et
1165 979 1381 1047 tepens
1410 971 1778 1029 crudelitas·

357 1136 458 1194 42.
546 1134 764 1196 Statim
812 1137 1133 1216 obligatur,
1178 1140 1282 1214 qui
1325 1140 1473 1197 facit
1519 1140 1702 1217 digno
1744 1141 1918 1199 bene.

356 1221 661 1298 Quidquid
702 1224 955 1281 merenti
991 1224 1102 1282 da's
1144 1225 1314 1297 mihi,
1362 1225 1596 1301 imputo
1640 1225 1768 1283 tibi.

356 1392 457 1450 43.
542 1392 889 1453 Aedilitatis
937 1394 1254 1469 expeditus
1299 1394 1525 1452 ambitu

351 1477 426 1534 In
463 1475 833 1537 Consulatus
875 1478 1144 1537 fascibus
1187 1486 1392 1536 votum
1433 1479 1713 1555 impedis.

355 1562 614 1621 Omnem
657 1563 948 1639 relegisti·
972 1563 1180 1621 Idibus
1226 1564 1568 1638 pecuniam,

357 1646 617 1722 Quaeris
663 1644 951 1706 Calendis
996 1666 1290 1723 occupare
1334 1648 1594 1708 foenori.

353 1733 448 1790 Ab
488 1733 612 1789 ictu
653 1732 872 1789 amoris
914 1732 1102 1789 molle
1146 1732 1458 1790 declinans
1502 1733 1660 1789 latus

355 1814 569 1876 Scorto
605 1816 911 1892 impudico
952 1823 1117 1874 totus
1156 1817 1218 1873 in
1263 1817 1505 1894 plagam
1550 1825 1746 1893 pates.

355 1898 597 1960 Crimen
642 1901 889 1978 fugasti,
932 1901 1118 1957 victor
1159 1902 1318 1959 ultra
1360 1922 1484 1960 non
1531 1902 1729 1961 times.

352 1986 664 2044 Instaurat
696 2001 834 2043 ecce
878 1985 1174 2061 praelium
1226 1987 1568 2061 cupidinum

354 2074 579 2130 Aestus
621 2069 948 2143 rebellanS,
1000 2080 1059 2128 et
1099 2071 1343 2131 refectis
1389 2072 1616 2130 viribus

353 2157 429 2214 In
472 2164 533 2213 te
573 2156 936 2233 imparatum
979 2157 1155 2233 signa
1198 2159 1474 2215 cominus
1511 2166 1734 2216 movet.

356 2239 501 2300 Non
542 2250 638 2300 sat
678 2242 987 2301 domatur:
1033 2252 1127 2299 est
1163 2242 1649 2317 triumphandum
1696 2243 1916 2302 scelus.

353 2326 520 2384 Laus
562 2346 685 2384 una
727 2320 929 2402 subigi
972 2334 1095 2397 est3
1143 2326 1337 2384 altera
1376 2328 1606 2403 imponi
1645 2329 1868 2404 iugum.

358 2410 451 2469 Te
490 2409 636 2470 vitia
681 2413 943 2483 vincent,
990 2423 1121 2469 tota
1166 2413 1218 2469 si
1260 2432 1383 2470 non
1429 2413 1670 2471 viceris,

357 2581 486 2637 44.-
546 2579 662 2653 Qui
702 2580 983 2657 gloriaris
1030 2600 1170 2640 esse
1214 2581 1489 2639 dominus
1527 2582 1766 2654 civium,

357 2663 599 2724 Sei-vire
644 2666 836 2723 servis
884 2667 1178 2740 quomodo
1224 2674 1404 2742 potes
1449 2668 1592 2737 tuis,

355 2747 473 2821 Qui
515 2757 607 2806 tot
647 2757 936 2825 tyrannos
986 2760 1135 2826 quot
1179 2751 1475 2809 satellites
1516 2751 1748 2810 habes?

356 2831 599 2893 Servire
643 2836 837 2893 servis
882 2835 1099 2893 dicitur
1140 2836 1438 2912 Princeps
1484 2838 1636 2908 saie,

355 2916 529 2990 Quod
566 2938 747 2996 agere
783 2938 895 2997 per
940 2936 1008 2978 se
1054 2921 1260 2978 debuit
1297 2940 1406 2996 per
1445 2923 1554 2980 hos
1599 2940 1812 2998 agen-s,

352 3002 475 3061 Per
514 3004 628 3062 hos
669 3005 889 3062 vicarie
934 3005 1210 3077 audienS,
1259 3025 1369 3082 per
1415 3007 1530 3064 hos
1570 3005 1847 3080 loquens.

352 3090 748 3151 Auctoritatis
797 3108 1008 3148 servus
1049 3090 1424 3163 immodicae,
1465 3099 1612 3149 nota
1653 3098 1768 3163 est,

354 3175 790 3233 Auctoritatem
834 3195 952 3233 non
995 3175 1275 3235 habentis
1321 3175 1647 3251 Principis.

356 3343 457 3401 45.
545 3348 730 3404 Amor
766 3346 1201 3419 obsequentum
1251 3354 1312 3403 et
1357 3345 1713 3421 imperantis
1761 3344 2026 3420 dignitas

352 3428 553 3506 Regni
593 3430 858 3503 potentis
896 3430 1093 3505 prima
1144 3439 1286 3490 sunt
1323 3430 1673 3491 munimina.

356 3510 694 3574 Severitate
740 3514 962 3577 caritas
1001 3516 1314 3586 amittitur,
