2452 4186
1060 299 1182 359 207

509 465 735 550 υροβρε
779 469 843 546 ἦ,
887 464 1099 529 πέσκει
1137 468 1298 552 τῷδε
1337 465 1573 538 πύκαζε
1619 465 1879 554 κόμην..

215 552 307 625 14,
329 553 431 611 51.
520 571 752 632 εργαμο
803 572 865 612 εν
894 549 1293 636 πέμφθησαν.
1319 551 1494 636 ὅπλῳ
1524 552 1867 634 στλεγγίζεο
1893 573 2030 635 κυρ-

463 633 584 718 οὐχ
599 634 796 702 οὕτως
812 636 842 697 ὁ
862 636 1133 742 γναφεὺς
1145 638 1365 699 λευκὸν
1386 636 1642 721 ὕφασμα
1661 636 1871 721 τριβεῖ.
1895 640 2029 721 [τῷ.

213 722 310 795 14,
333 720 434 781 52.
465 718 663 801 ἀκμὴν
706 718 925 822 βρῖθος
969 744 1075 803 εην
1124 722 1272 805 βοὸς
1312 723 1622 803 μετώπου.

462 800 661 873 δόξεις
703 802 1076 887 ρινοκέρωτα
1124 806 1188 889 μ’
1221 805 1404 869 αὐτὸν
1449 804 1622 867 εἶναι.

213 889 308 962 14,
330 888 435 949 54.
465 888 521 949 εἰ
565 891 675 949 σοῦ
719 890 862 955 παῖς
906 891 1135 953 κλαίων
1176 891 1263 958 τὶς
1288 890 1403 952 ἀπ’
1439 889 1704 974 αὐχένος
1727 887 2030 973 ῃώρηται,

463 970 685 1054 νηπιέῃ
737 972 892 1035 σείοι
935 976 1167 1038 κωτίλα
1215 979 1462 1057 σεῖστρα
1500 975 1659 1059 χερί.
1771 1024 1774 1027 .

210 1059 307 1131 14,
330 1059 431 1119 55.
463 1057 575 1119 οὐκ
612 1055 681 1118 ἂν
707 1058 917 1139 μάστιξ
945 1057 1081 1143 ἧδ’,
1112 1060 1167 1122 εἰ
1198 1061 1300 1122 καὶ
1329 1058 1540 1144 τρέχοι
1566 1059 1767 1133 ἵππος,
1794 1058 2030 1141 ὐνήσαι,

466 1142 520 1204 εἰ
563 1138 624 1222 γ’
675 1142 1087 1217 ἱπποστασίων
1132 1142 1256 1206 ἔστ’
1301 1145 1421 1207 ἀπὸ
1466 1142 1861 1228 πορφυρέων.

211 1228 307 1301 14,
328 1228 432 1287 79.
458 1226 707 1297 παίζετε
720 1231 824 1288 νῦν
842 1228 1043 1310 ἰταμοὶ
1059 1227 1276 1311 (μόνον
1293 1226 1487 1310 αὐτὰρ
1506 1229 1781 1308 παίζετε)
1798 1228 2032 1289 δοῦλοι.

465 1310 720 1395 σφρηγὶς
765 1308 903 1396 ἔχοι
947 1335 1051 1395 μοι
1092 1312 1490 1395 ταῦτ’ἤμασι
1531 1311 1711 1375 πέντε
1762 1311 1988 1394 μόνοις.

208 1397 306 1470 14,
329 1396 433 1456 80.
460 1393 670 1468 κλεινὰ
704 1393 1103 1479 Προμηθείου
1129 1396 1402 1480 πέλομεν
1432 1397 1581 1467 ξύλα
1624 1397 1830 1479 δώρου
1864 1395 2033 1478 ἕκητι

463 1480 666 1543 παισὶν
715 1479 1002 1564 ἐπαχθέα
1049 1482 1179 1565 μὲν,
1220 1482 1640 1567 παιδοτρίβαις
1682 1481 1752 1544 δὲ
1799 1480 1969 1564 φίλα.

208 1567 309 1638 14,
332 1566 433 1626 57.
466 1565 501 1627 ὅ
520 1563 612 1649 ῥρ’
638 1564 711 1626 οὐ
725 1560 1082 1648 Βιργιλίοιο,
1099 1567 1199 1629 καὶ
1226 1566 1344 1631 οὐκ
1370 1565 1517 1633 ἔπος
1533 1566 1697 1630 εἶπεν
1721 1562 2034 1648 ζΘμήρου,

465 1647 534 1712 ἔκ
575 1672 640 1711 τε
691 1648 884 1732 μύρου
931 1651 1160 1736 συνέφυ
1204 1657 1383 1714 τοῦτο
1430 1652 1531 1714 καὶ
1577 1651 1646 1713 ἐκ
1694 1650 1989 1736 βαλάνου.

207 1736 304 1809 14,
330 1734 435 1795 59.
467 1732 742 1817 βάλσαμ’
776 1733 898 1818 ἐγὼ
918 1736 1253 1821 πεφίληκα.
1287 1737 1353 1798 τὸ
1387 1735 1500 1819 γὰρ
1535 1736 1724 1820 μύρον
1752 1734 2034 1816 ἀνδρικόν

463 1824 570 1903 τῆς
594 1817 828 1900 κόσμου
859 1819 928 1881 δὲ
955 1826 1189 1905 τρυφῆς
1218 1820 1392 1893 ὄζετε
1417 1820 1578 1903 θῆλυ
1608 1820 1803 1903 γένος.
1858 1819 2034 1899 [ἐστι.

209 1906 304 1978 13,
334 1905 476 1965 126.
508 1905 588 1987 μὴ
611 1903 749 1965 λίπε
764 1904 1134 1991 κληρονόμῳ
1152 1911 1242 1992 τῷ
1257 1911 1349 1990 σῷ
1368 1905 1551 1988 μύρα,
1573 1906 1653 1989 μή
1668 1929 1733 1967 τε
1762 1905 1830 1967 σὺ
1849 1903 2033 1968 οἶνον.

466 1988 665 2071 κέρμα
696 1986 878 2070 μόνον
915 1991 1185 2054 κτάσθω.
1231 1992 1325 2053 σοὶ
1355 1989 1417 2052 δ’
1440 1991 1558 2052 ὅλα
1580 1994 1772 2053 ταῦτα
1801 1990 1994 2052 δίδου.

211 2075 306 2148 13,
334 2076 436 2135 15.
463 2073 667 2159 χωρία
711 2069 1028 2160 Νωμέντῳ
1067 2078 1253 2140 ναίων
1302 2074 1630 2161 σύγχορτα,
1678 2075 1935 2159 γεωργὲ,

438 2158 736 2242 νμέμνησ’
786 2159 873 2225 εἰς
917 2159 1090 2223 αὖλιν
1133 2163 1407 2244 κάγκανα
1457 2163 1615 2223 κᾶλα
1660 2161 1889 2246 φέρειν.

210 2246 306 2318 14,
330 2246 437 2307 60.
468 2245 667 2326 δῶρον
683 2241 884 2324 ἂνήδύ
902 2247 1524 2331 λάβοις,ρυτίδεσσιτε
1537 2247 1795 2328 γαστρὸς
1809 2246 2038 2329 ἀρηρὸς

468 2329 555 2396 εἰς
598 2327 923 2410 βαλανεῖον
972 2330 1134 2392 ἰοῦσ’
1170 2330 1366 2414 ἤματι
1402 2331 1731 2415 μεσσατίῳ.

211 2416 311 2489 14,
329 2417 438 2478 64.
467 2415 633 2495 ἡμᾶς
677 2412 965 2497 αὐλητρὶς
1011 2420 1180 2499 φυσᾷ
1221 2415 1541 2498 μεθύουσα
1586 2414 1885 2494 γνάθοισι.

468 2498 571 2560 καὶ
616 2501 706 2579 πῇ
750 2499 858 2579 μὲν
907 2500 1219 2582 διδύμους,
1259 2504 1349 2583 πῇ
1392 2499 1460 2561 δὲ
1501 2497 1809 2582 μόναυλον
1852 2496 2003 2582 ἔχει.

210 2587 306 2657 14,
328 2586 436 2646 66.
469 2581 658 2666 εὐρέα
708 2584 960 2668 ταυρείῃ
1016 2584 1288 2669 σφίγξαις
1329 2582 1400 2647 ἂν
1449 2584 1677 2666 στήθεα
1720 2583 1939 2666 βύρσῃ.

470 2667 544 2730 οὐ
584 2665 804 2751 χαδέει
844 2666 1072 2747 πέσκος
1104 2669 1301 2731 τιτθία
1345 2673 1474 2730 σεῖο
1517 2667 1679 2730 τόδε.

209 2751 437 2829 14,'67.
465 2754 525 2834 ἡ
556 2751 735 2833 μυίας
774 2752 1083 2837 σοβέουσα
1127 2759 1270 2837 τεῆς
1313 2754 1432 2816 ἀπὸ
1470 2754 1676 2820 δαιτὸς
1723 2753 1994 2820 ἀναιδεῖς

467 2836 541 2920 ἦν
587 2835 741 2919 οὐρὴ
779 2842 1010 2919 πτηνοῦ
1059 2838 1361 2923 μυιοσόβη
1407 2840 1750 2922 γλαφυροῦ.

212 2925 308 2998 14,
334 2926 442 2985 71.
476 2920 816 2989 αὐσταλέος
855 2924 1023 3005 λιτὴν
1069 2925 1124 2987 εἰ
1166 2928 1356 3008 χνοῦς
1402 2923 1633 3004 ἐσθῆτα
1680 2923 1982 3006 ῥυπαίνοι,

469 3005 688 3090 κέρκος
733 3007 1054 3091 ἀποψήσαι
1101 3009 1280 3070 τόνδε
1322 3007 1733 3089 τιναξάμενος.

212 3096 308 3169 14,
331 3096 437 3156 68.
470 3090 697 3153 δούλου
729 3091 1105 3175 ἁμαρτόντος
1138 3094 1218 3175 μὴ
1266 3093 1381 3162 πὺξ
1422 3091 1722 3173 τύπτησον
1764 3089 2035 3159 ὀδόντας.

468 3176 542 3258 ἣν
582 3175 650 3236 δὲ
690 3171 914 3244 Ῥόδος
953 3178 1179 3259 κοπτὴν
1226 3176 1492 3261 πέμψεν,
1537 3173 1738 3237 ἔδοιτο
1787 3175 1992 3257 μόνον.

212 3265 439 3338 14,81.
469 3265 704 3342 γυμνοῦ
743 3261 1053 3344 ὑπηνήτου
1097 3262 1261 3345 πήρη
1313 3262 1392 3344 μὴ
1445 3260 1670 3343 δόρπον
1717 3262 1919 3344 ἀεῖραι

472 3347 687 3417 δεῖται,
736 3346 1029 3428 ὁμιλῆσαι
1086 3347 1166 3429 μή
1221 3368 1287 3407 τε
1328 3347 1460 3408 κυνὶ
1503 3352 1793 3430 στυγερῷ.

214 3436 310 3508 14,
330 3437 438 3496 82.
469 3435 556 3498 ὡς
569 3429 903 3511 πολύτιμον
915 3435 1128 3514 χρῆμα
1148 3431 1336 3515 σάρον
1351 3429 1525 3505 πέλε,
1544 3430 1770 3514 μάρτυς
1788 3433 1818 3493 ὁ
1842 3430 2036 3514 φοῖνιξ

474 3514 619 3580 ἐστί.
659 3515 1045 3599 κατήργησαν
1090 3520 1191 3579 νῦν
1244 3514 1307 3578 δ>
1343 3515 1648 3579 ἀνάλεκτα
1694 3515 1899 3599 σάρον.
