2452 4186
1098 292 1215 351 117

239 457 519 516 Laudare
565 459 843 535 quemvis
885 467 949 518 ut
988 460 1252 520 libenter
1290 462 1533 538 diligaS,

241 543 507 601 Laudari
553 545 629 601 ab
676 544 784 602 illo
831 544 988 603 velle
1032 556 1116 618 te,
1161 566 1341 621 quem
1385 547 1607 625 diligis.

242 718 339 777 26.
430 716 741 795 Quidquid
784 720 1045 798 benigne
1086 721 1369 793 fecimus,
1411 721 1594 797 perit:
1644 724 1766 783 nisi
1809 724 1871 782 id

241 803 476 861 Bonum
521 805 938 878 admonentes,
986 807 1400 882 exprimentes
1445 825 1482 864 a
1516 806 1679 868 malo

242 887 613 964 Recipimus.
666 908 872 947 aurem
914 899 1087 966 grata
1129 911 1256 949 non
1298 910 1433 948 raro
1481 891 1598 949 sibi

241 972 398 1030 Velli
445 974 722 1032 voluntas
768 975 1014 1050 patitur.
1068 995 1107 1033 a
1145 976 1310 1034 malo
1356 976 1531 1053 exige

243 1057 387 1116 Plus
432 1078 612 1133 quam
659 1060 811 1118 satis
859 1061 959 1131 sit,
1002 1069 1067 1118 ut
1093 1061 1295 1133 feras,
1340 1069 1633 1137 quantum
1678 1071 1775 1120 sat
1816 1072 1927 1121 est.

247 1227 342 1285 27.
434 1225 580 1286 Non
624 1228 829 1288 adficit
870 1249 988 1301 me,
1039 1229 1092 1288 si
1135 1230 1281 1306 quid
1324 1230 1629 1306 expressit
1665 1232 1871 1302 rubor,

244 1310 372 1369 Nec
413 1313 520 1388 qui
562 1314 817 1389 pudore,
865 1323 1079 1390 sponte
1118 1315 1276 1388 quod
1314 1335 1433 1371 non
1478 1314 1624 1385 vult,
1668 1315 1845 1373 facit,

249 1394 429 1471 Sequi
470 1398 832 1470 trahentem,
873 1400 968 1457 cui
1018 1399 1198 1456 reniti
1245 1408 1303 1455 te
1348 1400 1535 1475 piget,

244 1480 385 1541 Non
430 1490 528 1540 est
567 1483 867 1556 voluntas,
913 1485 1125 1542 frontis
1167 1494 1263 1541 est
1299 1483 1638 1542 infirmitas.

246 1651 343 1709 28.
432 1649 553 1723 Qui
590 1650 694 1709 dat
719 1652 1013 1725 ⁴libenter,
1058 1662 1121 1710 et
1159 1653 1385 1725 statim,
1426 1653 1521 1711 bis
1563 1652 1823 1730 obligat:

244 1732 628 1794 Deliberator
667 1737 832 1812 quod
873 1736 998 1809 dat,
1042 1739 1159 1796 hoc
1212 1738 1377 1814 capit
1425 1738 1572 1796 sibi:

239 1820 320 1878 Et
355 1821 459 1895 qui
502 1830 794 1894 moratur,
839 1832 937 1880 est
975 1824 1220 1900 neganti
1264 1824 1601 1900 proximus.

242 1988 346 2047 29.
435 1988 503 2050 Si
540 2007 694 2064 quae
727 1991 990 2068 benigne
1030 1993 1262 2050 amicus
1311 1991 1376 2048 in
1420 2003 1476 2049 te
1516 1991 1750 2061 fecerit,

241 2072 345 2135 Sic
385 2082 620 2151 gratum
664 2095 873 2134 eorum
920 2085 980 2134 te
1025 2096 1202 2155 geras
1245 2077 1658 2153 interpretem,

240 2159 324 2220 Ut
370 2161 585 2238 dignus
636 2161 798 2233 aliis,
837 2162 960 2220 ista
1000 2163 1140 2221 dum
1187 2163 1439 2240 accipis,
1484 2163 1641 2221 fuas.

244 2327 345 2388 30.
434 2330 550 2388 Est
591 2348 770 2404 quem
816 2350 1040 2407 rogare
1090 2332 1280 2389 vetuit
1316 2332 1592 2390 infirmus
1637 2332 1858 2406 pudor:
1895 2384 1899 2389 .

240 2414 356 2472 Est
396 2432 574 2487 quem
619 2434 839 2492 rogare
886 2416 1178 2492 compulit
1228 2416 1582 2477 necessitas.

242 2496 403 2571 Quid
446 2499 604 2570 huic,
646 2500 788 2573 quid
825 2500 916 2557 illi
960 2501 1160 2558 facere
1204 2510 1264 2558 te
1310 2520 1552 2561 munem
1601 2499 1899 2557 addecet?

241 2583 601 2659 Explendus
650 2585 755 2643 ille
802 2593 918 2657 est,
959 2586 1099 2643 huic
1140 2585 1403 2644 eundum
1448 2593 1543 2644 est
1587 2584 1844 2644 obviam.
1880 2640 1883 2641 γ

243 2667 402 2725 Veta
443 2670 604 2727 hunc
647 2671 887 2742 rubere,
929 2672 1210 2746 precibus
1253 2671 1417 2730 illius
1462 2672 1619 2729 fave.

243 2752 314 2810 In
352 2755 761 2830 promerenda
804 2756 1001 2832 gratia
1045 2757 1275 2832 primus
1323 2757 1547 2833 gradus

241 2836 378 2911 Est,
423 2857 717 2915 occupare
760 2848 924 2911 vota3
973 2842 1285 2916 proximus
1340 2842 1529 2916 sequi.

239 3009 345 3064 31.
433 3007 554 3065 Hic
590 3028 810 3086 nempe
855 3010 981 3068 voti
1022 3011 1185 3083 finis,
1237 3010 1396 3068 ultra
1438 3009 1647 3085 iugera

240 3092 440 3150 Fundi
480 3094 723 3169 paterni
770 3114 1145 3155 summovere
1188 3095 1464 3155 limitem.

245 3175 347 3236 Sic
390 3179 580 3236 multa
619 3179 921 3253 habende,
966 3181 1051 3241 nil
1095 3181 1308 3239 habes.
1350 3197 1463 3237 nec
1502 3177 1801 3248 interest,

244 3263 446 3337 Quam
488 3265 818 3323 maximum
863 3266 963 3338 sit,
1009 3265 1166 3340 quod
1217 3264 1325 3322 tibi
1370 3272 1465 3322 est
1500 3260 1939 3337 pauxillulum..

241 3345 365 3418 Qui
411 3349 498 3406 sic
546 3351 779 3426 egendo
823 3351 1135 3426 possidere
1180 3358 1242 3406 te
1286 3358 1484 3424 putes.
1534 3404 1537 3407 .

239 3430 523 3507 Namque
561 3436 913 3511 empturire,
960 3434 1169 3511 opinio
1206 3433 1579 3510 indigentiae
1624 3440 1753 3491 est:
1781 3434 1819 3495 .’

239 3516 323 3574 Et
370 3536 504 3593 esse
544 3538 835 3591 emacem,
887 3539 956 3578 se
998 3520 1180 3579 fateri
1220 3537 1569 3595 pauperem.
1668 3576 1681 3593 Ἴ.
