2452 4186
1086 325 1211 385 385

228 490 477 563 Vinule,
518 491 859 564 Multivole,
904 492 1333 566 internuntius,
1381 496 1715 574 Argilethe,

228 575 471 652 Alipes,
519 585 579 635 et
622 577 967 635 mortalium
1015 598 1209 652 amor,
1261 577 1547 639 sermoni’
1588 582 1890 642 minister:

230 659 427 733 Quem
450 662 642 734 fraus,
666 681 845 737 quem
865 665 1193 722 certamina
1215 665 1483 734 adulant,
1509 666 1748 725 almifer
1772 669 2059 728 omnium.

225 745 538 821 Interpres
585 748 789 805 variae
826 748 1080 825 linguai,
1120 748 1410 808 Nundine
1449 752 1655 824 Liber,

228 829 647 908 Sanguineum
688 841 938 909 gestans
987 835 1314 893 caduceum
1357 836 1524 912 pacis
1569 836 1759 894 amice

223 915 433 993 Frugi,
480 914 829 990 Corneiota,
873 919 1180 991 Locuteie,
1222 921 1362 993 Aie,
1401 922 1599 994 beate,

225 1004 430 1076 Atque
472 1021 716 1077 operum
762 1003 987 1075 Titule,
1038 1014 1099 1062 et
1143 1004 1364 1063 Titane
1407 1006 1750 1065 necessibu'
1789 1008 2011 1066 rebus:

225 1086 309 1143 Et
350 1087 689 1144 mortalibu'
728 1088 1097 1163 praesidium
1139 1090 1485 1148 venerabile
1532 1091 1806 1167 linguae3

225 1171 417 1229 Adsis
461 1173 659 1229 oranti
705 1173 868 1230 vitae
912 1173 1142 1232 addens
1185 1175 1417 1232 exitum
1458 1177 1738 1248 amicum,

226 1254 411 1313 Cultu
449 1276 719 1333 operum,
764 1259 1023 1317 memori
1064 1259 1272 1332 menti,
1317 1256 1682 1317 sermonibu‘
1724 1260 1918 1319 lectis.

650 1425 893 1486 Carmen
932 1427 1185 1485 Liberae
1228 1429 1632 1505 Proserpinae.
1815 1475 1822 1485 .
1977 1435 2061 1493 28

222 1507 455 1565 Libera
494 1511 861 1586 magnanimi
901 1513 1071 1572 Iovis
1114 1513 1285 1571 adsis
1331 1514 1561 1571 incluta
1599 1513 1828 1590 proles„

221 1592 512 1669 Unigena
545 1595 856 1673 princeps,
913 1605 1041 1656 esto
1088 1598 1206 1656 hoc
1243 1598 1531 1656 libamine
1568 1606 1801 1658 macta:

222 1676 466 1736 Coniux
514 1676 677 1739 Ditis
724 1682 982 1756 honora,
1029 1684 1167 1741 boni
1210 1682 1557 1760 largissima
1599 1684 1772 1742 victiz

222 1760 397 1835 Quae
444 1765 552 1822 sub
596 1766 931 1825 visceribus
975 1775 1168 1825 terrae
1215 1767 1547 1827 dominaris
1590 1772 1851 1843 AvernO,

218 1847 468 1921 Parica‚
522 1858 580 1907 et
623 1851 923 1924 cincinna,
968 1853 1255 1926 Iovisque
1303 1853 1543 1931 insigne
1589 1873 1985 1933 propagmen,

210 1934 546 1991 'Manarum
597 1936 881 2012 genitrix,
927 1937 1096 1995 Iovis
1137 1934 1443 1996 infernati’
1489 1939 1750 1997 tribuna.

222 2017 423 2091 Quam
466 2038 679 2095 pusam
722 2039 943 2080 arcano
985 2018 1141 2081 Iovi’
1190 2023 1425 2081 semine
1464 2026 1909 2101 progeneravit.

223 2106 428 2163 Mater
472 2106 815 2183 multicrepi
859 2108 1142 2166 Volturni
1185 2111 1457 2168 maxima
1498 2108 1711 2183 Consi,

218 2189 459 2248 Lucina
502 2192 806 2266 speciosa,
851 2202 912 2251 et
945 2211 1256 2270 percoqua
1299 2195 1777 2271 Temperierum,

219 2273 419 2347 Seria,
461 2277 775 2352 regnatrix
818 2278 1124 2350 Larunda,
1164 2275 1425 2355 frugibu'
1474 2278 1765 2355 gliscenS,

220 2359 539 2436 Corniger,
580 2361 861 2435 illustria,
907 2359 1252 2421 mortalibu'
1299 2372 1473 2440 grata
1512 2363 1748 2440 virag0,

214 2445 428 2515 Flora,
473 2447 820 2522 gramineae
874 2467 1051 2523 quam
1098 2447 1362 2506 oblectat
1410 2446 1659 2523 spiritus
1705 2467 1906 2521 aurae,

219 2524 449 2604 Corpu'
494 2536 661 2588 tuum
699 2532 1012 2592 oblectans
1057 2533 1284 2590 Terrae
1328 2529 1711 2590 viridantibu'
1753 2534 1959 2607 foetis,

214 2614 579 2673 Nummeria
617 2626 678 2674 et
719 2618 904 2692 foeta,
944 2619 1237 2676 Autumni
1282 2618 1396 2676 sub
1438 2627 1706 2693 tempore
1751 2620 2012 2691 nubens,

218 2701 388 2768 Vita,
431 2701 641 2759 itidem
688 2722 854 2762 mors
902 2704 1038 2762 sola
1077 2704 1287 2761 eadem
1335 2702 1685 2761 mortalibus
1728 2705 1950 2781 aegris,

221 2784 571 2858 Fordicida,
620 2789 840 2845 etenim
891 2789 1015 2847 fers
1058 2789 1283 2860 omnia,
1335 2795 1395 2846 et
1438 2788 1641 2846 omnia
1685 2789 1907 2848 caedis.

220 2869 361 2927 Huc
401 2870 549 2928 hera
599 2872 707 2945 sis,
753 2873 958 2950 fruges
1001 2893 1032 2930 e
1077 2882 1241 2931 terra
1278 2873 1551 2930 funditus
1600 2873 1775 2934 educ:

220 2953 465 3012 Blanda
500 2975 653 3032 pace
699 2959 934 3034 vigenS,
977 2958 1330 3033 illibataque
1378 2958 1593 3029 salute,

219 3039 302 3098 Et
344 3040 464 3111 vita
512 3042 714 3099 fausta
751 3043 952 3101 mitem
993 3043 1236 3121 legante
1282 3043 1558 3115 salutem,

218 3125 319 3184 Ad
365 3133 470 3183 tua
503 3127 733 3204 templa
774 3127 932 3201 Dea,
975 3136 1034 3185 et
1078 3128 1242 3204 potis
1287 3128 1565 3185 indufera
1607 3128 1759 3184 atria
1800 3124 1986 3184 Ditis.

760 3296 963 3355 Liberi
1000 3299 1216 3368 Patr-ie,
1262 3307 1516 3355 sturaea.
1972 3293 2056 3353 29

221 3379 519 3438 Liberum
565 3398 678 3457 ego
720 3400 990 3454 veneror,
1030 3381 1581 3458 crepericreperum
1622 3381 1972 3452 fatuantem,

220 3462 658 3541 Primigenam,
698 3466 1025 3542 geminum,
1066 3465 1437 3539 Brumalem,
1477 3473 1687 3539 terque
1728 3471 2026 3534 renatum,

225 3546 650 3628 Cornigerum,
660 3560 982 3629 agrestem,
995 3552 1340 3626 obscurum,
1356 3569 1661 3624 arcanum,
1675 3549 2053 3619 duiformem‚

1525 3646 1605 3708 25
