<?xml version="1.0" encoding="UTF-8"?>
<!DOCTYPE html PUBLIC "-//W3C//DTD XHTML 1.0 Transitional//EN"
    "http://www.w3.org/TR/xhtml1/DTD/xhtml1-transitional.dtd">
<html xmlns="http://www.w3.org/1999/xhtml" xml:lang="en" lang="en">
 <head>
  <title>
</title>
<meta http-equiv="Content-Type" content="text/html;charset=utf-8" />
  <meta name='ocr-system' content='tesseract 3.04.00' />
  <meta name='ocr-capabilities' content='ocr_page ocr_carea ocr_par ocr_line ocrx_word'/>
</head>
<body>
  <div class='ocr_page' id='page_1' title='image "./iosephiscaliger02scalgoog/iosephiscaliger02scalgoog_0259.png"; bbox 0 0 2452 4186; ppageno 0'>
   <div class='ocr_carea' id='block_1_1' title="bbox 1077 308 1198 368">
    <p class='ocr_par' dir='ltr' id='par_1_1' title="bbox 1077 308 1198 368">
     <span class='ocr_line' id='line_1_1' title="bbox 1077 308 1198 368; baseline -0.017 0"><span class='ocrx_word' id='word_1_1' title='bbox 1077 308 1198 368; x_wconf 80' lang='lat'>257</span> 
     </span>
    </p>
   </div>
   <div class='ocr_carea' id='block_1_2' title="bbox 990 394 1291 402">
    <p class='ocr_par' dir='ltr' id='par_1_2' title="bbox 990 394 1291 402">
     <span class='ocr_line' id='line_1_2' title="bbox 990 394 1291 402; baseline 0 3784"><span class='ocrx_word' id='word_1_2' title='bbox 990 394 1291 402; x_wconf 95' lang='lat' dir='ltr'> </span> 
     </span>
    </p>
   </div>
   <div class='ocr_carea' id='block_1_3' title="bbox 219 468 2058 1319">
    <p class='ocr_par' dir='ltr' id='par_1_3' title="bbox 219 468 2058 1319">
     <span class='ocr_line' id='line_1_3' title="bbox 219 468 2054 558; baseline -0.002 -22"><span class='ocrx_word' id='word_1_3' title='bbox 219 471 348 537; x_wconf 90' lang='grc' dir='ltr'>ΛΓ.</span> <span class='ocrx_word' id='word_1_4' title='bbox 392 468 478 536; x_wconf 84' lang='grc' dir='ltr'>Εἴ</span> <span class='ocrx_word' id='word_1_5' title='bbox 515 493 584 534; x_wconf 91' lang='grc' dir='ltr'>σε</span> <span class='ocrx_word' id='word_1_6' title='bbox 627 469 780 556; x_wconf 99' lang='grc' dir='ltr'>τύχη</span> <span class='ocrx_word' id='word_1_7' title='bbox 833 477 939 557; x_wconf 77' lang='grc' dir='ltr'>τῆς</span> <span class='ocrx_word' id='word_1_8' title='bbox 988 477 1096 558; x_wconf 79' lang='grc' dir='ltr'>σῆς</span> <span class='ocrx_word' id='word_1_9' title='bbox 1139 473 1322 557; x_wconf 89' lang='grc' dir='ltr'>αἴσης</span> <span class='ocrx_word' id='word_1_10' title='bbox 1367 472 1449 557; x_wconf 86' lang='grc' dir='ltr'>μὴ</span> <span class='ocrx_word' id='word_1_11' title='bbox 1493 474 1743 556; x_wconf 82' lang='grc' dir='ltr'>πάμπαν</span> <span class='ocrx_word' id='word_1_12' title='bbox 1786 471 2054 556; x_wconf 81' lang='grc' dir='ltr'>ἀρέσκει,</span> 
     </span>
     <span class='ocr_line' id='line_1_4' title="bbox 392 549 2055 642; baseline -0.001 -23"><span class='ocrx_word' id='word_1_13' title='bbox 392 549 593 619; x_wconf 80' lang='grc' dir='ltr'>Ἐἴσιδ’</span> <span class='ocrx_word' id='word_1_14' title='bbox 631 555 695 626; x_wconf 80' lang='grc' dir='ltr'>ἐς</span> <span class='ocrx_word' id='word_1_15' title='bbox 724 555 918 619; x_wconf 79' lang='grc' dir='ltr'>ἄλλου</span> <span class='ocrx_word' id='word_1_16' title='bbox 962 558 1217 642; x_wconf 84' lang='grc' dir='ltr'>πότμον,</span> <span class='ocrx_word' id='word_1_17' title='bbox 1268 558 1400 642; x_wconf 82' lang='grc' dir='ltr'>ὅσῳ</span> <span class='ocrx_word' id='word_1_18' title='bbox 1436 562 1579 620; x_wconf 78' lang='grc' dir='ltr'>τεοῦ</span> <span class='ocrx_word' id='word_1_19' title='bbox 1619 557 1743 618; x_wconf 84' lang='grc' dir='ltr'>ἐστὶ</span> <span class='ocrx_word' id='word_1_20' title='bbox 1770 557 2055 640; x_wconf 82' lang='grc' dir='ltr'><strong>χερείων.</strong></span> 
     </span>
     <span class='ocr_line' id='line_1_5' title="bbox 220 637 2054 728; baseline -0.002 -23"><span class='ocrx_word' id='word_1_21' title='bbox 220 641 354 705; x_wconf 94' lang='grc' dir='ltr'>ΛΔ.</span> <span class='ocrx_word' id='word_1_22' title='bbox 394 637 540 707; x_wconf 84' lang='grc' dir='ltr'>Τοῖς</span> <span class='ocrx_word' id='word_1_23' title='bbox 555 641 837 709; x_wconf 83' lang='grc' dir='ltr'>δυνατοῖς</span> <span class='ocrx_word' id='word_1_24' title='bbox 847 642 1165 728; x_wconf 86' lang='grc' dir='ltr'>ἐπιχείρει.</span> <span class='ocrx_word' id='word_1_25' title='bbox 1188 644 1470 727; x_wconf 81' lang='grc' dir='ltr'>ἐρετμοῖς</span> <span class='ocrx_word' id='word_1_26' title='bbox 1483 645 1657 725; x_wconf 90' lang='grc' dir='ltr'>πλεῖν</span> <span class='ocrx_word' id='word_1_27' title='bbox 1675 640 1788 725; x_wconf 81' lang='grc' dir='ltr'>γὰρ</span> <span class='ocrx_word' id='word_1_28' title='bbox 1805 640 2054 723; x_wconf 85' lang='grc' dir='ltr'>ἄμεινον</span> 
     </span>
     <span class='ocr_line' id='line_1_6' title="bbox 398 723 2007 811; baseline -0.001 -23"><span class='ocrx_word' id='word_1_29' title='bbox 398 723 553 788; x_wconf 85' lang='grc' dir='ltr'>Θῖνα</span> <span class='ocrx_word' id='word_1_30' title='bbox 591 725 745 808; x_wconf 76' lang='grc' dir='ltr'>παρ’</span> <span class='ocrx_word' id='word_1_31' title='bbox 794 727 1085 811; x_wconf 82' lang='grc' dir='ltr'>εἰναλίην,</span> <span class='ocrx_word' id='word_1_32' title='bbox 1127 729 1165 811; x_wconf 81' lang='grc' dir='ltr'>ἢ</span> <span class='ocrx_word' id='word_1_33' title='bbox 1219 730 1430 809; x_wconf 82' lang='grc' dir='ltr'>λαίφει</span> <span class='ocrx_word' id='word_1_34' title='bbox 1473 728 1600 811; x_wconf 79' lang='grc' dir='ltr'>ὅλῳ</span> <span class='ocrx_word' id='word_1_35' title='bbox 1639 725 2007 808; x_wconf 73' lang='grc' dir='ltr'>πελαγίζειν.</span> 
     </span>
     <span class='ocr_line' id='line_1_7' title="bbox 220 805 1983 896; baseline 0 -24"><span class='ocrx_word' id='word_1_36' title='bbox 220 805 353 872; x_wconf 88' lang='grc' dir='ltr'>ΛΕ.</span> <span class='ocrx_word' id='word_1_37' title='bbox 398 807 783 893; x_wconf 74' lang='grc' dir='ltr'>Μὴβούλου</span> <span class='ocrx_word' id='word_1_38' title='bbox 825 812 1053 881; x_wconf 78' lang='grc' dir='ltr'>ἀδίκως</span> <span class='ocrx_word' id='word_1_39' title='bbox 1099 810 1480 896; x_wconf 81' lang='grc' dir='ltr'>ἐριδαινέμεν</span> <span class='ocrx_word' id='word_1_40' title='bbox 1531 811 1703 894; x_wconf 86' lang='grc' dir='ltr'>ἀνδρὶ</span> <span class='ocrx_word' id='word_1_41' title='bbox 1746 811 1983 895; x_wconf 82' lang='grc' dir='ltr'>δικαίῳ.</span> 
     </span>
     <span class='ocr_line' id='line_1_8' title="bbox 403 890 1968 979; baseline 0.001 -24"><span class='ocrx_word' id='word_1_42' title='bbox 403 890 541 955; x_wconf 96' lang='grc' dir='ltr'>Τῶν</span> <span class='ocrx_word' id='word_1_43' title='bbox 590 894 836 977; x_wconf 83' lang='grc' dir='ltr'>ἀνόμων</span> <span class='ocrx_word' id='word_1_44' title='bbox 884 897 1031 965; x_wconf 88' lang='grc' dir='ltr'>θεὸς</span> <span class='ocrx_word' id='word_1_45' title='bbox 1068 898 1225 960; x_wconf 83' lang='grc' dir='ltr'>ἐστὶν</span> <span class='ocrx_word' id='word_1_46' title='bbox 1275 898 1372 959; x_wconf 83' lang='grc' dir='ltr'>ἀεὶ</span> <span class='ocrx_word' id='word_1_47' title='bbox 1412 897 1705 979; x_wconf 83' lang='grc' dir='ltr'>τιμήορος</span> <span class='ocrx_word' id='word_1_48' title='bbox 1749 895 1968 977; x_wconf 81' lang='grc' dir='ltr'>ὀργῶν.</span> 
     </span>
     <span class='ocr_line' id='line_1_9' title="bbox 222 974 2055 1066; baseline 0.001 -26"><span class='ocrx_word' id='word_1_49' title='bbox 222 977 339 1047; x_wconf 84' lang='grc' dir='ltr'>Λς.</span> <span class='ocrx_word' id='word_1_50' title='bbox 397 974 535 1039; x_wconf 89' lang='grc' dir='ltr'>Τῶν</span> <span class='ocrx_word' id='word_1_51' title='bbox 563 983 674 1041; x_wconf 80' lang='grc' dir='ltr'>σεῦ</span> <span class='ocrx_word' id='word_1_52' title='bbox 693 980 1113 1066; x_wconf 81' lang='grc' dir='ltr'>ἀτεμβόμενος</span> <span class='ocrx_word' id='word_1_53' title='bbox 1139 984 1218 1065; x_wconf 85' lang='grc' dir='ltr'>μὴ</span> <span class='ocrx_word' id='word_1_54' title='bbox 1240 986 1467 1043; x_wconf 91' lang='grc' dir='ltr'>ποτνιῶ</span> <span class='ocrx_word' id='word_1_55' title='bbox 1505 980 1884 1065; x_wconf 76' lang='grc' dir='ltr'>ἀγχνύμενος</span> <span class='ocrx_word' id='word_1_56' title='bbox 1909 982 2055 1062; x_wconf 80' lang='grc' dir='ltr'>κῆρ·</span> 
     </span>
     <span class='ocr_line' id='line_1_10' title="bbox 399 1059 2058 1151; baseline 0.001 -26"><span class='ocrx_word' id='word_1_57' title='bbox 399 1059 602 1146; x_wconf 87' lang='grc' dir='ltr'>Χαῖρε</span> <span class='ocrx_word' id='word_1_58' title='bbox 631 1064 699 1125; x_wconf 79' lang='grc' dir='ltr'>δὲ</span> <span class='ocrx_word' id='word_1_59' title='bbox 720 1067 975 1146; x_wconf 85' lang='grc' dir='ltr'>μᾶλλον,</span> <span class='ocrx_word' id='word_1_60' title='bbox 1013 1066 1156 1129; x_wconf 75' lang='grc' dir='ltr'>ὅταν</span> <span class='ocrx_word' id='word_1_61' title='bbox 1184 1066 1313 1129; x_wconf 83' lang='grc' dir='ltr'>τινὰ</span> <span class='ocrx_word' id='word_1_62' title='bbox 1343 1066 1546 1151; x_wconf 82' lang='grc' dir='ltr'>συμβῇ</span> <span class='ocrx_word' id='word_1_63' title='bbox 1585 1065 1682 1126; x_wconf 84' lang='grc' dir='ltr'>σοὶ</span> <span class='ocrx_word' id='word_1_64' title='bbox 1709 1064 2058 1142; x_wconf 74' lang='grc' dir='ltr'>κτεατίζειν.</span> 
     </span>
     <span class='ocr_line' id='line_1_11' title="bbox 223 1141 2057 1237; baseline 0.001 -30"><span class='ocrx_word' id='word_1_65' title='bbox 223 1141 355 1207; x_wconf 90' lang='grc' dir='ltr'>ΛΖ.</span> <span class='ocrx_word' id='word_1_66' title='bbox 387 1146 685 1230; x_wconf 74' lang='grc' dir='ltr'>Ἀτλητον</span> <span class='ocrx_word' id='word_1_67' title='bbox 710 1150 939 1236; x_wconf 77' lang='grc' dir='ltr'>βλάβος</span> <span class='ocrx_word' id='word_1_68' title='bbox 957 1151 1111 1226; x_wconf 83' lang='grc' dir='ltr'>ἐστὶ,</span> <span class='ocrx_word' id='word_1_69' title='bbox 1130 1151 1342 1237; x_wconf 80' lang='grc' dir='ltr'>τύχαις</span> <span class='ocrx_word' id='word_1_70' title='bbox 1353 1150 1427 1212; x_wconf 83' lang='grc' dir='ltr'>τὰ</span> <span class='ocrx_word' id='word_1_71' title='bbox 1443 1150 1638 1212; x_wconf 79' lang='grc' dir='ltr'>ἐνόντ’</span> <span class='ocrx_word' id='word_1_72' title='bbox 1662 1149 2057 1231; x_wconf 79' lang='grc' dir='ltr'>ἀποβάλλειν.</span> 
     </span>
     <span class='ocr_line' id='line_1_12' title="bbox 388 1227 2054 1319; baseline -0.001 -23"><span class='ocrx_word' id='word_1_73' title='bbox 388 1227 598 1296; x_wconf 83' lang='grc' dir='ltr'>Ἔστιν</span> <span class='ocrx_word' id='word_1_74' title='bbox 642 1233 704 1294; x_wconf 85' lang='grc' dir='ltr'>δ’</span> <span class='ocrx_word' id='word_1_75' title='bbox 739 1233 889 1297; x_wconf 83' lang='grc' dir='ltr'>ἅττα</span> <span class='ocrx_word' id='word_1_76' title='bbox 936 1234 1167 1319; x_wconf 80' lang='grc' dir='ltr'>φέρειν,</span> <span class='ocrx_word' id='word_1_77' title='bbox 1223 1235 1386 1319; x_wconf 87' lang='grc' dir='ltr'>φίλε,</span> <span class='ocrx_word' id='word_1_78' title='bbox 1434 1236 1532 1297; x_wconf 89' lang='grc' dir='ltr'>δεῖ</span> <span class='ocrx_word' id='word_1_79' title='bbox 1553 1232 1828 1316; x_wconf 89' lang='grc' dir='ltr'>τετληότι</span> <span class='ocrx_word' id='word_1_80' title='bbox 1850 1232 2054 1317; x_wconf 75' lang='grc' dir='ltr'>θυμῷ.</span> 
     </span>
    </p>
   </div>
   <div class='ocr_carea' id='block_1_4' title="bbox 95 1310 1870 1404">
    <p class='ocr_par' dir='ltr' id='par_1_4' title="bbox 95 1310 1870 1404">
     <span class='ocr_line' id='line_1_13' title="bbox 95 1310 1870 1404; baseline 0.001 -28"><span class='ocrx_word' id='word_1_81' title='bbox 95 1328 101 1334; x_wconf 85' lang='grc'><em>“</em></span> <span class='ocrx_word' id='word_1_82' title='bbox 225 1310 363 1402; x_wconf 89' lang='grc' dir='ltr'>ΛΗ.</span> <span class='ocrx_word' id='word_1_83' title='bbox 397 1313 501 1400; x_wconf 88' lang='grc' dir='ltr'>Μή</span> <span class='ocrx_word' id='word_1_84' title='bbox 544 1340 642 1378; x_wconf 84' lang='grc' dir='ltr'>σοι</span> <span class='ocrx_word' id='word_1_85' title='bbox 690 1317 1071 1401; x_wconf 79' lang='grc' dir='ltr'>ἐπαγγέλλου</span> <span class='ocrx_word' id='word_1_86' title='bbox 1117 1322 1405 1404; x_wconf 82' lang='grc' dir='ltr'>μήκιστον</span> <span class='ocrx_word' id='word_1_87' title='bbox 1452 1318 1648 1402; x_wconf 83' lang='grc' dir='ltr'>τέρμα</span> <span class='ocrx_word' id='word_1_88' title='bbox 1694 1318 1870 1402; x_wconf 87' lang='grc' dir='ltr'>βίοιο.</span> 
     </span>
    </p>
   </div>
   <div class='ocr_carea' id='block_1_5' title="bbox 225 1398 2128 3522">
    <p class='ocr_par' dir='ltr' id='par_1_5' title="bbox 225 1398 2128 3522">
     <span class='ocr_line' id='line_1_14' title="bbox 401 1398 2058 1487; baseline 0 -25"><span class='ocrx_word' id='word_1_89' title='bbox 401 1398 653 1483; x_wconf 82' lang='grc' dir='ltr'>Σώματι</span> <span class='ocrx_word' id='word_1_90' title='bbox 694 1401 831 1485; x_wconf 80' lang='grc' dir='ltr'>γὰρ,</span> <span class='ocrx_word' id='word_1_91' title='bbox 861 1403 997 1467; x_wconf 84' lang='grc' dir='ltr'>σκιὰ</span> <span class='ocrx_word' id='word_1_92' title='bbox 1034 1406 1139 1479; x_wconf 81' lang='grc' dir='ltr'>ὣς,</span> <span class='ocrx_word' id='word_1_93' title='bbox 1172 1406 1384 1468; x_wconf 80' lang='grc' dir='ltr'>ἕπεται</span> <span class='ocrx_word' id='word_1_94' title='bbox 1413 1404 1623 1487; x_wconf 80' lang='grc' dir='ltr'>μόρος,</span> <span class='ocrx_word' id='word_1_95' title='bbox 1645 1398 1759 1487; x_wconf 75' lang='grc' dir='ltr'>ᾗχι</span> <span class='ocrx_word' id='word_1_96' title='bbox 1796 1399 2058 1484; x_wconf 79' lang='grc' dir='ltr'>πορεύῃ.</span> 
     </span>
     <span class='ocr_line' id='line_1_15' title="bbox 225 1481 1995 1572; baseline 0.001 -27"><span class='ocrx_word' id='word_1_97' title='bbox 225 1481 362 1545; x_wconf 85' lang='grc' dir='ltr'>ΛΘ.</span> <span class='ocrx_word' id='word_1_98' title='bbox 390 1482 674 1548; x_wconf 86' lang='grc' dir='ltr'>Ἱλάσκου</span> <span class='ocrx_word' id='word_1_99' title='bbox 722 1487 975 1551; x_wconf 83' lang='grc' dir='ltr'>θυέεσσι</span> <span class='ocrx_word' id='word_1_100' title='bbox 1019 1488 1201 1552; x_wconf 89' lang='grc' dir='ltr'>θεόν·</span> <span class='ocrx_word' id='word_1_101' title='bbox 1258 1490 1396 1551; x_wconf 84' lang='grc' dir='ltr'>λίπε</span> <span class='ocrx_word' id='word_1_102' title='bbox 1445 1486 1678 1572; x_wconf 81' lang='grc' dir='ltr'>μόσχον</span> <span class='ocrx_word' id='word_1_103' title='bbox 1730 1484 1995 1572; x_wconf 80' lang='grc' dir='ltr'>ἀρότρῳ,</span> 
     </span>
     <span class='ocr_line' id='line_1_16' title="bbox 403 1566 2059 1655; baseline -0.002 -22"><span class='ocrx_word' id='word_1_104' title='bbox 403 1566 588 1653; x_wconf 83' lang='grc' dir='ltr'>Μηδέ</span> <span class='ocrx_word' id='word_1_105' title='bbox 631 1594 725 1652; x_wconf 92' lang='grc' dir='ltr'>μιν</span> <span class='ocrx_word' id='word_1_106' title='bbox 772 1572 1088 1655; x_wconf 83' lang='grc' dir='ltr'>εὐμενίσαι</span> <span class='ocrx_word' id='word_1_107' title='bbox 1140 1574 1309 1638; x_wconf 83' lang='grc' dir='ltr'>δόκει</span> <span class='ocrx_word' id='word_1_108' title='bbox 1350 1572 1561 1655; x_wconf 70' lang='grc' dir='ltr'>αἵματι</span> <span class='ocrx_word' id='word_1_109' title='bbox 1593 1573 1696 1634; x_wconf 87' lang='grc' dir='ltr'>καὶ</span> <span class='ocrx_word' id='word_1_110' title='bbox 1730 1570 2059 1654; x_wconf 81' lang='grc' dir='ltr'>σφαγίοισι.</span> 
     </span>
     <span class='ocr_line' id='line_1_17' title="bbox 226 1648 2061 1745; baseline 0 -31"><span class='ocrx_word' id='word_1_111' title='bbox 226 1648 317 1714; x_wconf 91' lang='grc' dir='ltr'>Μ.</span> <span class='ocrx_word' id='word_1_112' title='bbox 403 1651 548 1717; x_wconf 82' lang='grc' dir='ltr'>Εῖκε</span> <span class='ocrx_word' id='word_1_113' title='bbox 589 1656 743 1739; x_wconf 87' lang='grc' dir='ltr'>τύχῃ</span> <span class='ocrx_word' id='word_1_114' title='bbox 791 1658 1073 1743; x_wconf 87' lang='grc' dir='ltr'>μάλαπερ</span> <span class='ocrx_word' id='word_1_115' title='bbox 1113 1658 1560 1745; x_wconf 83' lang='grc' dir='ltr'>βεβλαμμένος,</span> <span class='ocrx_word' id='word_1_116' title='bbox 1606 1656 1732 1719; x_wconf 82' lang='grc' dir='ltr'>εἶκε</span> <span class='ocrx_word' id='word_1_117' title='bbox 1770 1658 2061 1738; x_wconf 76' lang='grc' dir='ltr'>κραταιῷ.</span> 
     </span>
     <span class='ocr_line' id='line_1_18' title="bbox 392 1735 2062 1829; baseline -0.002 -27"><span class='ocrx_word' id='word_1_118' title='bbox 392 1735 471 1803; x_wconf 85' lang='grc' dir='ltr'><em>Ὃ</em></span> <span class='ocrx_word' id='word_1_119' title='bbox 519 1741 761 1826; x_wconf 78' lang='grc' dir='ltr'>βλάψας</span> <span class='ocrx_word' id='word_1_120' title='bbox 801 1744 867 1805; x_wconf 88' lang='grc' dir='ltr'>τὸ</span> <span class='ocrx_word' id='word_1_121' title='bbox 915 1748 1155 1825; x_wconf 89' lang='grc' dir='ltr'>πρῶτον</span> <span class='ocrx_word' id='word_1_122' title='bbox 1204 1743 1342 1829; x_wconf 80' lang='grc' dir='ltr'>ἔχοι</span> <span class='ocrx_word' id='word_1_123' title='bbox 1385 1744 1535 1805; x_wconf 83' lang='grc' dir='ltr'>πάλι</span> <span class='ocrx_word' id='word_1_124' title='bbox 1573 1741 1681 1803; x_wconf 88' lang='grc' dir='ltr'>καί</span> <span class='ocrx_word' id='word_1_125' title='bbox 1714 1763 1782 1802; x_wconf 91' lang='grc' dir='ltr'>σε</span> <span class='ocrx_word' id='word_1_126' title='bbox 1825 1740 2062 1821; x_wconf 79' lang='grc' dir='ltr'>ὀνῆσαι.</span> 
     </span>
     <span class='ocr_line' id='line_1_19' title="bbox 229 1819 2060 1912; baseline -0.002 -26"><span class='ocrx_word' id='word_1_127' title='bbox 229 1819 503 1887; x_wconf 84' lang='grc' dir='ltr'>ΜΑ.’“Ην</span> <span class='ocrx_word' id='word_1_128' title='bbox 544 1825 603 1886; x_wconf 91' lang='grc' dir='ltr'>τί</span> <span class='ocrx_word' id='word_1_129' title='bbox 641 1848 790 1889; x_wconf 87' lang='grc' dir='ltr'>ποτε</span> <span class='ocrx_word' id='word_1_130' title='bbox 830 1829 1110 1912; x_wconf 86' lang='grc' dir='ltr'>πταίσῃς,</span> <span class='ocrx_word' id='word_1_131' title='bbox 1153 1831 1398 1895; x_wconf 81' lang='grc' dir='ltr'>πυκνῶς</span> <span class='ocrx_word' id='word_1_132' title='bbox 1445 1826 1773 1909; x_wconf 75' lang='grc' dir='ltr'>ἐπίπληξον</span> <span class='ocrx_word' id='word_1_133' title='bbox 1817 1825 2060 1907; x_wconf 72' lang='grc' dir='ltr'>ἑαυτῷ.</span> 
     </span>
     <span class='ocr_line' id='line_1_20' title="bbox 407 1907 2062 1997; baseline -0.003 -25"><span class='ocrx_word' id='word_1_134' title='bbox 407 1907 650 1993; x_wconf 83' lang='grc' dir='ltr'>Τραῦμ’</span> <span class='ocrx_word' id='word_1_135' title='bbox 672 1910 773 1973; x_wconf 80' lang='grc' dir='ltr'>ὅτε</span> <span class='ocrx_word' id='word_1_136' title='bbox 796 1912 870 1995; x_wconf 86' lang='grc' dir='ltr'>δὴ</span> <span class='ocrx_word' id='word_1_137' title='bbox 889 1912 1253 1997; x_wconf 84' lang='grc' dir='ltr'>θεραπεύετ’</span> <span class='ocrx_word' id='word_1_138' title='bbox 1282 1912 1429 1979; x_wconf 84' lang='grc' dir='ltr'>ἄκος</span> <span class='ocrx_word' id='word_1_139' title='bbox 1440 1911 1618 1974; x_wconf 83' lang='grc' dir='ltr'>πέλει</span> <span class='ocrx_word' id='word_1_140' title='bbox 1637 1910 1848 1993; x_wconf 76' lang='grc' dir='ltr'>ἄλγιος</span> <span class='ocrx_word' id='word_1_141' title='bbox 1859 1907 2062 1989; x_wconf 82' lang='grc' dir='ltr'>ἄλγος.</span> 
     </span>
     <span class='ocr_line' id='line_1_21' title="bbox 231 1988 2063 2084; baseline -0.003 -28"><span class='ocrx_word' id='word_1_142' title='bbox 231 1988 380 2056; x_wconf 89' lang='grc' dir='ltr'>ΜΒ.</span> <span class='ocrx_word' id='word_1_143' title='bbox 401 1993 507 2077; x_wconf 84' lang='grc' dir='ltr'>Μὴ</span> <span class='ocrx_word' id='word_1_144' title='bbox 557 1999 1036 2077; x_wconf 78' lang='grc' dir='ltr'>καταγινώσκοιο</span> <span class='ocrx_word' id='word_1_145' title='bbox 1088 1999 1312 2084; x_wconf 89' lang='grc' dir='ltr'>χρόνον</span> <span class='ocrx_word' id='word_1_146' title='bbox 1359 1996 1510 2078; x_wconf 79' lang='grc' dir='ltr'>μετὰ</span> <span class='ocrx_word' id='word_1_147' title='bbox 1540 1997 1768 2080; x_wconf 80' lang='grc' dir='ltr'>μακρὸν</span> <span class='ocrx_word' id='word_1_148' title='bbox 1797 1992 2063 2075; x_wconf 83' lang='grc' dir='ltr'>ἑταίρου.</span> 
     </span>
     <span class='ocr_line' id='line_1_22' title="bbox 407 2077 2034 2167; baseline -0.003 -23"><span class='ocrx_word' id='word_1_149' title='bbox 407 2077 482 2144; x_wconf 83' lang='grc' dir='ltr'>Εἰ</span> <span class='ocrx_word' id='word_1_150' title='bbox 510 2080 578 2145; x_wconf 85' lang='grc' dir='ltr'>δὲ</span> <span class='ocrx_word' id='word_1_151' title='bbox 604 2079 829 2166; x_wconf 78' lang='grc' dir='ltr'>ἄμειψε</span> <span class='ocrx_word' id='word_1_152' title='bbox 850 2083 1132 2167; x_wconf 84' lang='grc' dir='ltr'>τρόπους,</span> <span class='ocrx_word' id='word_1_153' title='bbox 1172 2084 1247 2147; x_wconf 86' lang='grc' dir='ltr'>τὰ</span> <span class='ocrx_word' id='word_1_154' title='bbox 1278 2084 1471 2161; x_wconf 85' lang='grc' dir='ltr'>πάλαι</span> <span class='ocrx_word' id='word_1_155' title='bbox 1502 2080 1774 2165; x_wconf 85' lang='grc' dir='ltr'>μέμνυσο</span> <span class='ocrx_word' id='word_1_156' title='bbox 1812 2079 2034 2141; x_wconf 88' lang='grc' dir='ltr'>δίκαια.</span> 
     </span>
     <span class='ocr_line' id='line_1_23' title="bbox 232 2159 2041 2254; baseline -0.002 -28"><span class='ocrx_word' id='word_1_157' title='bbox 232 2159 376 2226; x_wconf 88' lang='grc' dir='ltr'>ΜΓ.</span> <span class='ocrx_word' id='word_1_158' title='bbox 406 2163 542 2227; x_wconf 91' lang='grc' dir='ltr'>Τῶν</span> <span class='ocrx_word' id='word_1_159' title='bbox 588 2165 953 2250; x_wconf 76' lang='grc' dir='ltr'>εὐεργεσιῶν</span> <span class='ocrx_word' id='word_1_160' title='bbox 1004 2171 1181 2254; x_wconf 87' lang='grc' dir='ltr'>χάριν</span> <span class='ocrx_word' id='word_1_161' title='bbox 1230 2168 1382 2243; x_wconf 75' lang='grc' dir='ltr'>ἴσθ’,</span> <span class='ocrx_word' id='word_1_162' title='bbox 1425 2164 1522 2229; x_wconf 72' lang='grc' dir='ltr'>ἵνα</span> <span class='ocrx_word' id='word_1_163' title='bbox 1568 2168 1853 2250; x_wconf 83' lang='grc' dir='ltr'>φίλτερος</span> <span class='ocrx_word' id='word_1_164' title='bbox 1893 2161 2041 2245; x_wconf 84' lang='grc' dir='ltr'>εἴης.</span> 
     </span>
     <span class='ocr_line' id='line_1_24' title="bbox 409 2247 2128 2337; baseline -0.003 -24"><span class='ocrx_word' id='word_1_165' title='bbox 409 2248 532 2313; x_wconf 87' lang='grc' dir='ltr'>Καὶ</span> <span class='ocrx_word' id='word_1_166' title='bbox 578 2252 662 2334; x_wconf 84' lang='grc' dir='ltr'>μὴ</span> <span class='ocrx_word' id='word_1_167' title='bbox 709 2253 740 2313; x_wconf 84' lang='grc' dir='ltr'>ὁ</span> <span class='ocrx_word' id='word_1_168' title='bbox 773 2252 1142 2337; x_wconf 89' lang='grc' dir='ltr'>θρυλληθεὶς</span> <span class='ocrx_word' id='word_1_169' title='bbox 1171 2254 1538 2336; x_wconf 82' lang='grc' dir='ltr'>ὀλεσίχαρος</span> <span class='ocrx_word' id='word_1_170' title='bbox 1567 2251 1751 2317; x_wconf 78' lang='grc' dir='ltr'>αὐτὸς</span> <span class='ocrx_word' id='word_1_171' title='bbox 1776 2247 2066 2330; x_wconf 81' lang='grc' dir='ltr'>ἀκούσῃς.</span> <span class='ocrx_word' id='word_1_172' title='bbox 2122 2328 2128 2333; x_wconf 19' lang='grc' dir='ltr'>ἱ</span> 
     </span>
     <span class='ocr_line' id='line_1_25' title="bbox 234 2329 2066 2420; baseline -0.002 -24"><span class='ocrx_word' id='word_1_173' title='bbox 234 2330 377 2396; x_wconf 81' lang='grc' dir='ltr'>ΜΔ.</span> <span class='ocrx_word' id='word_1_174' title='bbox 407 2333 664 2418; x_wconf 87' lang='grc' dir='ltr'>Μήποθ’</span> <span class='ocrx_word' id='word_1_175' title='bbox 697 2335 964 2405; x_wconf 77' lang='grc' dir='ltr'>ὕποπτος</span> <span class='ocrx_word' id='word_1_176' title='bbox 1013 2336 1179 2420; x_wconf 84' lang='grc' dir='ltr'>ἔμεν,</span> <span class='ocrx_word' id='word_1_177' title='bbox 1222 2338 1305 2419; x_wconf 88' lang='grc' dir='ltr'>μὴ</span> <span class='ocrx_word' id='word_1_178' title='bbox 1356 2335 1632 2416; x_wconf 82' lang='grc' dir='ltr'>νωλεμὲς</span> <span class='ocrx_word' id='word_1_179' title='bbox 1674 2334 1890 2401; x_wconf 86' lang='grc' dir='ltr'>ἄθλιος</span> <span class='ocrx_word' id='word_1_180' title='bbox 1921 2329 2066 2413; x_wconf 88' lang='grc' dir='ltr'>εἴης.</span> 
     </span>
     <span class='ocr_line' id='line_1_26' title="bbox 415 2416 2067 2503; baseline -0.002 -22"><span class='ocrx_word' id='word_1_181' title='bbox 415 2421 657 2488; x_wconf 89' lang='grc' dir='ltr'>Δειλοῖς</span> <span class='ocrx_word' id='word_1_182' title='bbox 710 2421 824 2503; x_wconf 81' lang='grc' dir='ltr'>γὰρ</span> <span class='ocrx_word' id='word_1_183' title='bbox 873 2422 1137 2489; x_wconf 89' lang='grc' dir='ltr'>θάνατος</span> <span class='ocrx_word' id='word_1_184' title='bbox 1180 2423 1281 2484; x_wconf 84' lang='grc' dir='ltr'>καὶ</span> <span class='ocrx_word' id='word_1_185' title='bbox 1329 2422 1772 2503; x_wconf 74' lang='grc' dir='ltr'>ὑποπτευτῇσιν</span> <span class='ocrx_word' id='word_1_186' title='bbox 1820 2416 2067 2501; x_wconf 83' lang='grc' dir='ltr'>ἄρηρεν.</span> 
     </span>
     <span class='ocr_line' id='line_1_27' title="bbox 237 2499 1872 2590; baseline 0.001 -22"><span class='ocrx_word' id='word_1_187' title='bbox 237 2499 381 2568; x_wconf 88' lang='grc' dir='ltr'>ΜΕ.</span> <span class='ocrx_word' id='word_1_188' title='bbox 412 2501 519 2572; x_wconf 86' lang='grc' dir='ltr'>Εἰς</span> <span class='ocrx_word' id='word_1_189' title='bbox 564 2505 718 2572; x_wconf 83' lang='grc' dir='ltr'>ἰδίας</span> <span class='ocrx_word' id='word_1_190' title='bbox 763 2507 981 2589; x_wconf 90' lang='grc' dir='ltr'>χρείας</span> <span class='ocrx_word' id='word_1_191' title='bbox 1029 2508 1428 2590; x_wconf 78' lang='grc' dir='ltr'>ὠνησάμενος</span> <span class='ocrx_word' id='word_1_192' title='bbox 1470 2504 1872 2588; x_wconf 80' lang='grc' dir='ltr'>θεράποντας,</span> 
     </span>
     <span class='ocr_line' id='line_1_28' title="bbox 404 2584 2069 2674; baseline -0.002 -21"><span class='ocrx_word' id='word_1_193' title='bbox 404 2588 810 2672; x_wconf 83' lang='grc' dir='ltr'>Ἀνθρώπους</span> <span class='ocrx_word' id='word_1_194' title='bbox 840 2591 1114 2674; x_wconf 81' lang='grc' dir='ltr'>μέμνησο</span> <span class='ocrx_word' id='word_1_195' title='bbox 1150 2591 1382 2665; x_wconf 81' lang='grc' dir='ltr'>πέλειν,</span> <span class='ocrx_word' id='word_1_196' title='bbox 1410 2588 1677 2655; x_wconf 80' lang='grc' dir='ltr'>δούλους</span> <span class='ocrx_word' id='word_1_197' title='bbox 1698 2609 1810 2669; x_wconf 89' lang='grc' dir='ltr'>περ</span> <span class='ocrx_word' id='word_1_198' title='bbox 1839 2584 2069 2652; x_wconf 85' lang='grc' dir='ltr'>ἔοντας.</span> 
     </span>
     <span class='ocr_line' id='line_1_29' title="bbox 239 2670 2068 2759; baseline -0.004 -20"><span class='ocrx_word' id='word_1_199' title='bbox 239 2672 366 2742; x_wconf 84' lang='grc' dir='ltr'>Μς.</span> <span class='ocrx_word' id='word_1_200' title='bbox 411 2674 640 2737; x_wconf 80' lang='grc' dir='ltr'>Αὐτίκα</span> <span class='ocrx_word' id='word_1_201' title='bbox 681 2679 789 2737; x_wconf 79' lang='grc' dir='ltr'>τοῦ</span> <span class='ocrx_word' id='word_1_202' title='bbox 831 2678 1078 2759; x_wconf 82' lang='grc' dir='ltr'>πρώτου</span> <span class='ocrx_word' id='word_1_203' title='bbox 1127 2680 1347 2759; x_wconf 79' lang='grc' dir='ltr'>καιροῦ</span> <span class='ocrx_word' id='word_1_204' title='bbox 1397 2672 1719 2758; x_wconf 77' lang='grc' dir='ltr'>μελέδαινε</span> <span class='ocrx_word' id='word_1_205' title='bbox 1748 2670 2068 2756; x_wconf 77' lang='grc' dir='ltr'>λαβέσθαι.</span> 
     </span>
     <span class='ocr_line' id='line_1_30' title="bbox 415 2754 2068 2844; baseline -0.004 -21"><span class='ocrx_word' id='word_1_206' title='bbox 415 2754 519 2841; x_wconf 89' lang='grc' dir='ltr'>Μὴ</span> <span class='ocrx_word' id='word_1_207' title='bbox 565 2760 713 2821; x_wconf 87' lang='grc' dir='ltr'>πάλι</span> <span class='ocrx_word' id='word_1_208' title='bbox 765 2759 969 2843; x_wconf 80' lang='grc' dir='ltr'>δίζηαι</span> <span class='ocrx_word' id='word_1_209' title='bbox 1010 2783 1146 2844; x_wconf 86' lang='grc' dir='ltr'>περ,</span> <span class='ocrx_word' id='word_1_210' title='bbox 1195 2760 1235 2823; x_wconf 83' lang='grc' dir='ltr'><em>ἃ</em></span> <span class='ocrx_word' id='word_1_211' title='bbox 1280 2760 1416 2843; x_wconf 84' lang='grc' dir='ltr'>πρὶν</span> <span class='ocrx_word' id='word_1_212' title='bbox 1466 2758 1765 2840; x_wconf 73' lang='grc' dir='ltr'>ὀλίγωρος</span> <span class='ocrx_word' id='word_1_213' title='bbox 1806 2757 2068 2838; x_wconf 80' lang='grc' dir='ltr'>ἀφῆκας.</span> 
     </span>
     <span class='ocr_line' id='line_1_31' title="bbox 240 2841 2032 2929; baseline -0.004 -20"><span class='ocrx_word' id='word_1_214' title='bbox 240 2842 384 2909; x_wconf 92' lang='grc' dir='ltr'>ΜΖ.</span> <span class='ocrx_word' id='word_1_215' title='bbox 415 2843 715 2928; x_wconf 80' lang='grc' dir='ltr'>Αἰφνιδίῳ</span> <span class='ocrx_word' id='word_1_216' title='bbox 763 2844 982 2907; x_wconf 90' lang='grc' dir='ltr'>δειλῶν</span> <span class='ocrx_word' id='word_1_217' title='bbox 1030 2846 1280 2929; x_wconf 78' lang='grc' dir='ltr'>θανάτῳ</span> <span class='ocrx_word' id='word_1_218' title='bbox 1329 2844 1410 2927; x_wconf 88' lang='grc' dir='ltr'>μὴ</span> <span class='ocrx_word' id='word_1_219' title='bbox 1465 2841 1682 2928; x_wconf 80' lang='grc' dir='ltr'>σφόδρ’</span> <span class='ocrx_word' id='word_1_220' title='bbox 1733 2841 2032 2925; x_wconf 87' lang='grc' dir='ltr'>ἐπίχαιρε.</span> 
     </span>
     <span class='ocr_line' id='line_1_32' title="bbox 413 2924 1980 3013; baseline -0.003 -23"><span class='ocrx_word' id='word_1_221' title='bbox 413 2924 723 3012; x_wconf 75' lang='grc' dir='ltr'>Εὐτυχέες</span> <span class='ocrx_word' id='word_1_222' title='bbox 767 2931 1123 3013; x_wconf 80' lang='grc' dir='ltr'>θνήσκουσι,</span> <span class='ocrx_word' id='word_1_223' title='bbox 1166 2927 1322 2992; x_wconf 85' lang='grc' dir='ltr'>τέων</span> <span class='ocrx_word' id='word_1_224' title='bbox 1415 2928 1504 2996; x_wconf 90' lang='grc' dir='ltr'>ίος</span> <span class='ocrx_word' id='word_1_225' title='bbox 1551 2926 1705 2989; x_wconf 82' lang='grc' dir='ltr'>ἐστὶν</span> <span class='ocrx_word' id='word_1_226' title='bbox 1751 2925 1980 3008; x_wconf 83' lang='grc' dir='ltr'>ἀθῶος.</span> 
     </span>
     <span class='ocr_line' id='line_1_33' title="bbox 241 3007 2071 3098; baseline -0.005 -19"><span class='ocrx_word' id='word_1_227' title='bbox 241 3011 394 3079; x_wconf 87' lang='grc' dir='ltr'>ΜΗ.</span> <span class='ocrx_word' id='word_1_228' title='bbox 417 3011 492 3077; x_wconf 85' lang='grc' dir='ltr'>Εἰ</span> <span class='ocrx_word' id='word_1_229' title='bbox 539 3012 903 3098; x_wconf 83' lang='grc' dir='ltr'>σύλλεκτρον</span> <span class='ocrx_word' id='word_1_230' title='bbox 946 3012 1130 3098; x_wconf 81' lang='grc' dir='ltr'>ἔχεις,</span> <span class='ocrx_word' id='word_1_231' title='bbox 1172 3013 1269 3075; x_wconf 76' lang='grc' dir='ltr'>ἵνα</span> <span class='ocrx_word' id='word_1_232' title='bbox 1305 3037 1387 3096; x_wconf 89' lang='grc' dir='ltr'>μη</span> <span class='ocrx_word' id='word_1_233' title='bbox 1428 3036 1525 3075; x_wconf 90' lang='grc' dir='ltr'>σοι</span> <span class='ocrx_word' id='word_1_234' title='bbox 1551 3012 1626 3074; x_wconf 82' lang='grc' dir='ltr'>τὰ</span> <span class='ocrx_word' id='word_1_235' title='bbox 1645 3009 1847 3073; x_wconf 78' lang='grc' dir='ltr'>κτέατ’</span> <span class='ocrx_word' id='word_1_236' title='bbox 1881 3007 2071 3092; x_wconf 77' lang='grc' dir='ltr'>ἔρροι,</span> 
     </span>
     <span class='ocr_line' id='line_1_34' title="bbox 417 3094 2071 3180; baseline -0.004 -19"><span class='ocrx_word' id='word_1_237' title='bbox 417 3096 539 3161; x_wconf 89' lang='grc' dir='ltr'>Καὶ</span> <span class='ocrx_word' id='word_1_238' title='bbox 554 3096 733 3164; x_wconf 86' lang='grc' dir='ltr'>κλέος</span> <span class='ocrx_word' id='word_1_239' title='bbox 753 3100 972 3162; x_wconf 84' lang='grc' dir='ltr'>ἐσθλὸν</span> <span class='ocrx_word' id='word_1_240' title='bbox 991 3097 1206 3161; x_wconf 78' lang='grc' dir='ltr'>ὄλοιτ’.</span> <span class='ocrx_word' id='word_1_241' title='bbox 1228 3098 1448 3180; x_wconf 82' lang='grc' dir='ltr'>ἄφιλον</span> <span class='ocrx_word' id='word_1_242' title='bbox 1475 3098 1653 3180; x_wconf 88' lang='grc' dir='ltr'>φίλον</span> <span class='ocrx_word' id='word_1_243' title='bbox 1674 3096 1803 3157; x_wconf 83' lang='grc' dir='ltr'>αἰὲν</span> <span class='ocrx_word' id='word_1_244' title='bbox 1820 3094 2071 3155; x_wconf 83' lang='grc' dir='ltr'>ἀλεύου.</span> 
     </span>
     <span class='ocr_line' id='line_1_35' title="bbox 242 3176 2074 3267; baseline -0.005 -19"><span class='ocrx_word' id='word_1_245' title='bbox 242 3181 515 3248; x_wconf 84' lang='grc' dir='ltr'>ΜΘ.”Ην</span> <span class='ocrx_word' id='word_1_246' title='bbox 558 3204 709 3244; x_wconf 89' lang='grc' dir='ltr'>ποτε</span> <span class='ocrx_word' id='word_1_247' title='bbox 753 3183 1133 3267; x_wconf 79' lang='grc' dir='ltr'>πουλυμαθῇ</span> <span class='ocrx_word' id='word_1_248' title='bbox 1162 3183 1367 3266; x_wconf 79' lang='grc' dir='ltr'>συμβῇ</span> <span class='ocrx_word' id='word_1_249' title='bbox 1400 3180 1624 3264; x_wconf 82' lang='grc' dir='ltr'>μελέτῃ</span> <span class='ocrx_word' id='word_1_250' title='bbox 1673 3179 1740 3241; x_wconf 81' lang='grc' dir='ltr'>σὲ</span> <span class='ocrx_word' id='word_1_251' title='bbox 1765 3176 2074 3260; x_wconf 83' lang='grc' dir='ltr'>γενέσθαι,</span> 
     </span>
     <span class='ocr_line' id='line_1_36' title="bbox 418 3265 2092 3353; baseline -0.004 -23"><span class='ocrx_word' id='word_1_252' title='bbox 418 3266 689 3330; x_wconf 90' lang='grc' dir='ltr'>Πλείονα</span> <span class='ocrx_word' id='word_1_253' title='bbox 702 3268 973 3353; x_wconf 89' lang='grc' dir='ltr'>μάνθαν’.</span> <span class='ocrx_word' id='word_1_254' title='bbox 991 3266 1336 3351; x_wconf 81' lang='grc' dir='ltr'>ἀνήνασθαι</span> <span class='ocrx_word' id='word_1_255' title='bbox 1351 3266 1420 3327; x_wconf 83' lang='grc' dir='ltr'>δὲ</span> <span class='ocrx_word' id='word_1_256' title='bbox 1440 3265 1657 3348; x_wconf 90' lang='grc' dir='ltr'>μαθεῖν</span> <span class='ocrx_word' id='word_1_257' title='bbox 1668 3286 1727 3326; x_wconf 89' lang='grc' dir='ltr'>τι</span> <span class='ocrx_word' id='word_1_258' title='bbox 1749 3267 2092 3346; x_wconf 80' lang='grc' dir='ltr'>παραιτοΰ.’</span> 
     </span>
     <span class='ocr_line' id='line_1_37' title="bbox 242 3347 2032 3439; baseline -0.002 -21"><span class='ocrx_word' id='word_1_259' title='bbox 242 3352 323 3419; x_wconf 91' lang='grc' dir='ltr'>Ν.</span> <span class='ocrx_word' id='word_1_260' title='bbox 404 3347 579 3416; x_wconf 67' lang='grc' dir='ltr'>’Όττι</span> <span class='ocrx_word' id='word_1_261' title='bbox 622 3356 880 3439; x_wconf 87' lang='grc' dir='ltr'>συνείρω</span> <span class='ocrx_word' id='word_1_262' title='bbox 926 3350 1042 3436; x_wconf 83' lang='grc' dir='ltr'>ἔπη</span> <span class='ocrx_word' id='word_1_263' title='bbox 1092 3354 1376 3435; x_wconf 82' lang='grc' dir='ltr'>γυμνοῖσι</span> <span class='ocrx_word' id='word_1_264' title='bbox 1427 3348 1683 3431; x_wconf 80' lang='grc' dir='ltr'>λόγοισι,</span> <span class='ocrx_word' id='word_1_265' title='bbox 1726 3347 2032 3430; x_wconf 81' lang='grc' dir='ltr'>τέθηπας;</span> 
     </span>
     <span class='ocr_line' id='line_1_38' title="bbox 404 3431 2035 3522; baseline -0.005 -22"><span class='ocrx_word' id='word_1_266' title='bbox 404 3431 564 3518; x_wconf 63' lang='grc' dir='ltr'>ίἨγε</span> <span class='ocrx_word' id='word_1_267' title='bbox 608 3437 682 3520; x_wconf 81' lang='grc' dir='ltr'>δὴ</span> <span class='ocrx_word' id='word_1_268' title='bbox 733 3439 1020 3522; x_wconf 80' lang='grc' dir='ltr'>εὐσταλίη</span> <span class='ocrx_word' id='word_1_269' title='bbox 1066 3439 1317 3519; x_wconf 83' lang='grc' dir='ltr'>γνώμης</span> <span class='ocrx_word' id='word_1_270' title='bbox 1364 3435 1512 3496; x_wconf 87' lang='grc' dir='ltr'>τάδε</span> <span class='ocrx_word' id='word_1_271' title='bbox 1563 3432 1771 3496; x_wconf 83' lang='grc' dir='ltr'>σύνδυ’</span> <span class='ocrx_word' id='word_1_272' title='bbox 1819 3432 2035 3494; x_wconf 78' lang='grc' dir='ltr'>ἕνωσε.</span> 
     </span>
    </p>
   </div>
   <div class='ocr_carea' id='block_1_6' title="bbox 1551 3607 1624 3666">
    <p class='ocr_par' dir='ltr' id='par_1_6' title="bbox 1551 3607 1624 3666">
     <span class='ocr_line' id='line_1_39' title="bbox 1551 3607 1624 3666; baseline -0.014 0"><span class='ocrx_word' id='word_1_273' title='bbox 1551 3607 1624 3666; x_wconf 83' lang='lat'>17</span> 
     </span>
    </p>
   </div>
  </div>
 </body>
</html>
