2452 4186
1283 302 1406 362 202

436 463 508 527 06
555 463 625 526 δὲ
669 463 870 527 δόλων
919 465 1133 531 ἐπάίσε
1178 468 1382 573 κόρος,
1432 466 1567 550 πρῖν
1614 465 1817 528 ὀδόντι
1847 466 2194 570 χαραχθεὶς

525 548 804 633 φθῖσθαι.
853 554 970 634 φεῦ
1013 553 1122 615 τοῦ
1169 551 1377 637 ἄγους,
1418 551 1658 633 πλαστὴ
1703 550 1801 613 οτ’
1834 573 2056 634 αρκτος
2094 549 2216 634 ἔην.

435 721 609 794 4,18.
653 714 697 801 ᾗ
738 723 984 783 πυλεὼν
1029 723 1281 785 σταλάει
1319 720 1621 827 Βιψανοῖς
1664 718 1824 782 κίοσι
1868 720 2108 802 γείτων,

518 803 620 865 καὶ
663 801 831 877 δεύει
874 805 1135 888 ῥανίδων
1183 806 1323 868 ἐνδε
1294 805 1542 890 θλεξχεια
1588 804 1821 882 λίθους,

437 888 768 970 λαυκανίην
820 889 882 957 ἐς
920 891 1139 958 παιδὸς
1149 892 1486 999 ἀνάκτορα
1534 890 1751 996 βάντος
1803 886 1903 950 ἀν’
1953 888 2107 973 ὑγρὰ

523 978 878 1076 χειμερινοῦ
922 975 1163 1057 κρυμοῖ’
1199 973 1431 1056 ἔμπεσε
1465 974 1659 1059 τρηχὺ
1702 972 1961 1079 τρύφος

433 1055 669 1140 ἧμοςδ
746 1058 1122 1127 αἰνοπαθοῦς
1170 1058 1359 1143 μόρον
1394 1059 1639 1143 ἤνυσεν,
1690 1056 1877 1125 εὐθὺς
1926 1057 2138 1141 ἀκωκὴ

520 1143 665 1202 λῦτο
710 1145 907 1224 πάγου
956 1143 1173 1229 θερμῷ
1217 1144 1516 1226 τραύματι
1561 1141 1892 1226 τηκομένη.

437 1230 585 1334 φεῦ,
622 1232 735 1289 ποῖ
775 1227 845 1289 οὐ
892 1231 1147 1332 χώρησε
1194 1226 1402 1313 Τύχης
1441 1227 1718 1310 ἐξουσίης
1765 1227 1954 1309 ἣποῦ

521 1311 595 1373 06
630 1311 837 1396 μόρος
871 1311 1001 1376 ἔστ’
1008 1317 1083 1391 [,]
1134 1314 1189 1375 εἰ
1228 1314 1330 1375 καὶ
1376 1312 1705 1397 σφακτικόν
1752 1312 1909 1374 ἐστιν
1957 1294 2155 1394 ῦδωρς

440 1483 538 1556 14,
568 1483 706 1543 171.
753 1482 1049 1557 δείκελον,
1079 1481 1114 1545 ὅ
1140 1483 1231 1567 ρρ’
1260 1482 1469 1567 ὁράᾳς,
1494 1481 1607 1544 οὐκ
1633 1481 1851 1549 ἀκλεὲς
1882 1477 2100 1542 ἔπλετο
2131 1477 2250 1540 καί·

520 1567 806 1649 τοσσίχον
848 1565 935 1628 ὅν.
978 1567 1196 1629 τούτου
1243 1563 1523 1651 Βροῦτος
1568 1567 1776 1648 ἐρᾶτο
1784 1565 1996 1648 κόρου.
2117 1568 2251 1647 [περ

441 1735 534 1808 14,
557 1735 694 1795 172.
722 1734 894 1817 φείδε
898 1733 1626 1818 οτηςσαύρηςὲρπούσης
1644 1732 1798 1818 πρός
1819 1755 1907 1805 σε,
1928 1733 2250 1817 δολόφρων

518 1822 727 1901 κοῦρε,
768 1822 977 1902 χεροῖν
1021 1819 1265 1885 θανέειν
1313 1823 1432 1881 σων
1479 1821 1594 1882 ῦπο
1638 1817 2031 1903 γλιχομένης·

441 1989 693 2062 14,173.
729 1988 938 2050 δίσκου
973 1987 1056 2050 ἀπ
1068 1986 1461 2097 ’ἐχθοδοποῦ
1492 1988 1917 2072 θνήσκοντας’
1884 1985 2251 2069 αποστρέφει

432 2131 439 2136 ,
512 2069 815 2158 Οἰβάλιος
846 2071 1083 2159 Φοίβου
1111 2072 1403 2142 πένθος”
1368 2097 1527 2158 ερως
1545 2098 1610 2136 τε
1636 2073 1836 2157 κόρος.
2008 2071 2252 2152 [οσσους

439 2244 535 2318 14,
560 2246 694 2305 174.
746 2241 935 2326 ἄρρην
986 2242 1239 2325 εἰσῆλθε
1284 2246 1531 2328 κρήνην,
1578 2243 1810 2327 ἐξηλθε
1843 2244 1912 2305 τὸ
1960 2239 2186 2304 δισσόν.

520 2328 582 2390 ἓν
631 2327 816 2411 μέρος
860 2327 983 2390 ἐστὶ
1018 2330 1266 2410 πατρὸς,
1310 2330 1547 2414 θάτερα
1587 2329 1813 2413 μητρὸς
1863 2326 2012 2411 ἔχει.

968 2497 1028 2558 θ.
1072 2494 1244 2559 ΕΙΣ
1290 2495 1723 2561 ΓΥΝΑΙΚΑΣ.

434 2584 490 2657 6,
509 2584 609 2643 21.
653 2603 738 2664 τῳ
771 2579 1010 2664 Στέλλᾳ
1038 2582 1309 2664 γαμετὴν
1342 2583 1380 2663 ἡ
1408 2580 1643 2664 Κύπρις
1672 2580 1942 2644 Ιανθίδα
1973 2581 2164 2643 δοῦσα

523 2669 752 2748 μεῖζον,
801 2663 946 2750 ἔφη,
994 2667 1232 2772 δώρημ’
1278 2666 1389 2728 οὐκ
1434 2666 1504 2728 ἂν
1554 2665 1760 2775 εχοις
1764 2666 1911 2749 πάρ’
1965 2664 2140 2746 ἐμοῦ.

431 2754 609 2813 τοῦτο
636 2754 856 2831 μενοῦν
878 2750 1257 2856 ἀναφανδόν.
1247 2750 1582 2860 ἀτὰρτόδ
1606 2752 1668 2820 ἐς
1686 2749 1973 2833 οῧςμοὶλα
1993 2744 2246 2831 κομψόν.

517 2832 754 2981 322²
784 2835 1201 2982 «Ῠέἑῗρὲἵύᾝὶ
1247 2834 1952 2988 ιίὶὲἶοτέἒῗΐγάὲἓου.
1964 2917 2110 2981 θον

430 2941 660 3066 ποένθε
642 2941 835 3085 ’σμὶιςυν
883 2944 1105 3086 άΐέδνηχν
1154 2943 1533 3089 ῥεᾘβόμενον
1561 2922 1719 3090 ,Ιπρρέἶ1
1740 2921 1999 3088 γάῖἰιύῇ.λ

430 3089 639 3235 Ύήμοὲῗ
676 3088 731 3151 ²³
728 3087 1037 3242 {255³}ss
1070 3091 1596 3236 μεῖἶῖῗζέἒωσε
1628 3089 1901 3237 ἕοῖἕὲῗῖ.

435 3172 756 3363 ὧςῶφάτξυ
783 3264 892 3322 τοῦ
939 3259 1008 3321 δε
1045 3175 1901 3366 ἵιγόαρηκρυφίᾳῗφιῗὲστίξάτο
1909 3280 2126 3342 κεστῳ.

518 3341 604 3409 εἷς
646 3344 897 3424 πληγεὶς
938 3345 1162 3429 χαίρει.
1208 3368 1351 3414 τους
1392 3344 1502 3407 δύο
1553 3345 1759 3420 τύπτε,
1800 3344 1937 3407 θεά.

370 3493 379 3516 ’
432 3517 489 3588 4,
507 3514 609 3575 22.
656 3512 854 3593 ἀκμὴν
888 3513 1299 3596 πρωτόγαμος
1320 3510 1716 3599 Κλεοπάτρη,
1749 3518 1839 3599 τῷ
1861 3536 1929 3575 τε
1958 3511 2221 3595 συνεύνῳ
