2452 4186
1104 321 1217 399 ,⁹1

266 488 408 547 Non
454 490 614 547 bene
661 490 733 548 de
778 489 938 548 vitae
977 491 1246 564 queritur
1285 491 1580 549 brevitate
1625 492 1909 565 caducae,

266 573 383 647 Qui
421 576 579 632 bene
626 575 908 647 confecit,
953 578 1186 651 patriae
1230 595 1385 651 quos
1423 576 1629 633 debuit
1670 594 1888 636 annos.

263 658 399 718 Nos
447 661 753 731 meritum,
798 680 920 719 non
969 662 1145 733 ordo,
1188 670 1384 719 vocat.
1443 661 1794 720 Iustissima
1838 665 2055 723 mortis

266 743 508 804 Caussa
552 752 667 816 est,
716 745 916 803 efferri
951 748 1152 805 famae
1197 765 1441 804 rumore
1486 748 1775 805 secundo.

262 830 568 902 Viximus,
618 838 678 887 et
724 839 935 889 nostro
985 832 1179 909 surgit
1226 833 1301 889 de
1344 832 1556 888 funere
1598 851 1840 889 nomen.

265 915 359 972 Tu
385 934 646 990 quoque,
681 933 821 972 cara
849 916 1108 989 Parens,
1145 917 1391 975 tumidis
1430 916 1549 973 iam
1596 935 1779 993 parce
1809 916 2096 992 querelis.

263 999 580 1058 Debemus
627 1002 858 1073 morbo,
905 1004 1070 1077 quod
1116 1020 1335 1059 caecae
1377 1001 1766 1060 incommoda
1807 1002 1991 1075 vitae,

264 1083 445 1157 Quod
487 1085 705 1144 dubios
748 1104 928 1145 casus
970 1088 1260 1164 fugimus,
1313 1088 1477 1161 quod
1514 1086 1748 1144 lubrica
1789 1106 2008 1145 rerum.

263 1169 401 1229 Nec
445 1188 610 1227 nunc
657 1171 919 1246 primum
962 1192 1000 1230 a
1043 1192 1139 1230 me
1180 1191 1406 1230 nomen
1450 1171 1559 1229 tibi
1600 1172 1848 1249 contigit
1891 1174 2096 1231 orbae.

265 1255 433 1330 Quot
474 1255 759 1332 gravibus
807 1257 966 1317 curis
1009 1257 1307 1328 dedimus,
1369 1256 1703 1331 studiisque
1746 1256 2057 1315 Minervae

264 1340 391 1398 Tot
438 1341 554 1398 tibi
601 1340 913 1416 deperiere
957 1342 1107 1401 dies.
1161 1341 1326 1399 Dum
1373 1342 1657 1412 viximus,
1705 1343 1852 1399 orba

238 1427 460 1489 ,Mater
512 1444 668 1483 eraS.
713 1424 850 1484 Nec
894 1446 1052 1486 nunc
1097 1427 1387 1501 rapimur,
1429 1425 1538 1484 sed
1578 1428 1911 1501 poscimur,
1934 1426 2096 1485 olim.

260 1511 435 1568 Idem
469 1530 568 1568 me
612 1512 854 1586 repetit,
896 1514 997 1586 qui
1040 1532 1137 1569 me
1179 1512 1292 1570 tibi
1330 1510 1575 1568 tradidit
1618 1519 1777 1570 ante.

262 1596 441 1667 Vive,
487 1595 642 1654 vale.
684 1606 969 1655 aeternus
1016 1598 1218 1674 signat
1260 1596 1411 1653 mihi
1447 1594 1680 1652 lumina
1725 1617 1995 1657 somnus.

263 1680 449 1738 Talia
490 1682 630 1738 dum
674 1690 910 1757 perstat
954 1701 1325 1753 memorans,
1373 1689 1432 1738 et
1473 1680 1708 1755 utrique
1750 1684 1983 1758 parenti

260 1765 554 1842 Morigeri
599 1766 894 1824 alternum
940 1768 1065 1825 nati
1110 1767 1363 1843 partitur
1403 1785 1694 1837 amorem,

258 1850 454 1908 Plura
497 1851 773 1909 locuturo
818 1854 1087 1911 tenebris
1136 1853 1415 1910 velantur
1459 1852 1692 1909 obortis

260 1935 612 1994 Haerentes
663 1936 850 1995 oculi:
894 1959 1014 1996 vox
1062 1938 1418 2013 imperfecta
1452 1935 1697 2010 reliquit

259 2021 539 2080 Affectus
580 2020 786 2080 dulces
826 2030 886 2079 et
927 2024 1116 2081 verba
1158 2021 1442 2081 vocantia
1481 2028 1755 2077 matrem.

262 2107 444 2182 Quae
491 2107 607 2165 fuit
648 2107 813 2166 illius
856 2108 1136 2168 funestae
1181 2108 1382 2167 noctis
1430 2107 1649 2183 imag0,

262 2192 406 2267 Qua
449 2190 555 2252 Sol
597 2192 924 2270 Belgarum
967 2194 1339 2270 pallentibus
1384 2192 1600 2249 occidit
1635 2190 1887 2261 umbris,

257 2277 511 2337 Excivit
555 2277 864 2350 lacrimas,
908 2280 1264 2355 permiscuit
1312 2277 1518 2336 omnia
1559 2276 1763 2333 luctu?

259 2362 466 2421 Unica
510 2381 624 2419 nec
666 2371 898 2421 tantum
943 2365 1174 2422 vultum
1225 2364 1442 2421 domus
1487 2361 1683 2418 induit
1723 2378 1932 2431 unum,

259 2447 473 2505 Induit
519 2454 579 2504 et
623 2456 789 2506 totus
830 2449 1108 2527 lugubria
1154 2448 1469 2523 squalidus
1510 2446 1695 2504 orbis.

255 2533 343 2592 Et
389 2532 534 2607 quia
574 2552 701 2591 non
740 2535 939 2592 incisa
979 2543 1181 2611 potest
1225 2534 1546 2590 adamante
1591 2547 1801 2587 severo

257 2618 493 2676 Ferrea
532 2617 839 2676 lanificum
883 2628 1229 2695 pervertere
1276 2618 1410 2674 iura
1456 2614 1781 2675 Sororum:

256 2702 472 2762 Edens
513 2703 790 2760 indomiti
834 2704 1010 2781 signa
1051 2705 1214 2762 haud
1258 2704 1519 2761 obscura
1562 2699 1820 2775 doloris,

257 2787 674 2862 Testatusque
718 2798 904 2861 tuam,
946 2790 1231 2847 iuvenum
1273 2786 1651 2857 doctissime,
1695 2796 1945 2846 mortem

253 2873 576 2949 Explicuit
624 2873 823 2932 claros
872 2874 1173 2932 elementa
1215 2893 1328 2950 per
1373 2871 1580 2930 omnia
1624 2882 1897 2945 questus.

257 2957 355 3015 Te
398 2958 559 3015 Reni
607 2959 859 3034 patulae
906 2960 1190 3016 viridanti
1235 2957 1507 3034 margine
1552 2956 1741 3031 ripae,

257 3042 355 3100 Te
397 3043 631 3119 Belgae
677 3045 899 3102 flevere
947 3045 1136 3102 lacus.
1186 3051 1246 3101 te
1287 3043 1460 3101 dulce
1508 3042 1777 3117 Lyceum

254 3128 547 3204 Lugduni
588 3128 766 3187 viridi
810 3129 1149 3188 studiorum
1196 3135 1515 3186 stemmate
1567 3135 1897 3203 comptum.

258 3212 491 3272 Omnia
529 3212 776 3271 luctifici
819 3214 966 3271 dant
1010 3221 1366 3291 argumenta
1413 3211 1648 3270 doloris

258 3296 600 3357 Coniurata
642 3298 761 3357 tuis
810 3299 1049 3357 iunctas
1096 3298 1370 3356 conferre
1403 3295 1684 3371 querelas

254 3383 585 3457 Exequiis,
633 3384 975 3458 iunctisque
1022 3384 1332 3441 lacessere
1371 3381 1719 3457 planctibus
1774 3396 1975 3436 auras.

251 3467 480 3526 Invida
529 3487 721 3540 mors,
760 3469 919 3544 rapti
962 3469 1373 3545 probrumque
1422 3485 1493 3523 ac
1538 3466 1764 3523 crimen
1809 3463 2059 3540 ephebi:

255 3551 568 3626 Quantum
586 3562 737 3626 erat,
757 3562 823 3612 ut
837 3572 1099 3613 nascens
1128 3553 1364 3611 sineres
1381 3552 1498 3609 hoc
1524 3569 1797 3609 crescere
1820 3547 2108 3626 germen?
