2452 4186
1255 321 1376 382 192

402 492 460 564 4,
476 491 576 550 73.
617 487 891 550 λοίσθιον
938 486 1298 592 ἀσθμαίνων
1337 487 1585 570 πυμάτῃ
1634 482 1924 554 Βεστῖνος
1963 486 2026 549 ἐν
2069 488 2236 573 ὥρῃ,

485 574 588 634 καὶ
637 573 913 654 στυγίους
953 570 1147 634 νεύων
1201 574 1287 640 εἰς
1320 572 1539 636 Ἀΐδαο
1586 570 1837 653 δόμους,

403 655 716 740 κλωστῆρ’
771 657 1047 719 ὑστάτιον
1096 659 1481 763 στρωφωσας
1528 655 1769 717 λίσσετο
1822 653 2066 740 Μοίρας

486 741 684 804 ἕλκειν
732 741 947 804 τυτθὸν
995 740 1138 805 οσον
1186 742 1428 825 νήματα
1476 762 1785 844 φαιοφα,

404 824 615 929 μέσφα
665 825 868 908 φίλοις
912 828 1078 901 ζώει,
1129 825 1413 908 θνήσκων
1464 823 1650 907 μόνος
1695 763 1879 892 egrae,-
1920 824 2151 910 ἑαυτῷ.

483 912 721 994 κάμψεν
766 910 1136 992 ἀμειδήτους
1182 909 1280 972 ἰθυ
1325 909 1532 992 δέημα
1574 908 1744 976 θεάς.

403 993 1015 1161 ”“.ῗαὶφῗ.ἓῖὰλ,ῗῗέἑα
1029 991 1973 1165 δζέξῗΐαὲυῗᾷπΞέοέεέλθβέἴεῖν.

406 1250 460 1322 1,
478 1251 581 1310 78.
634 1244 772 1308 εὖτε
810 1245 991 1314 νόσος
1025 1245 1329 1309 πονέοντα
1360 1245 1703 1329 παρίσθμια
1746 1244 1946 1330 θλῖβε,
1977 1247 2081 1309 καὶ
2109 1245 2237 1331 ἤδη

487 1331 624 1415 ὄψιν
676 1330 824 1412 ὅλην
867 1331 1078 1415 λειχὴν
1121 1331 1283 1414 εἷρπ
1323 1331 1823 1438 ἐπιβοσκόμενος,

399 1417 814 1521 παρφάμενος
844 1438 1118 1497 γνωτους
1164 1417 1541 1516 ἀριδάκρυας
1585 1415 1770 1482 αὐτὸς
1814 1413 2086 1498 ἄδακρυς

487 1501 734 1583 Φῆστος
779 1498 935 1582 ἔγνω
979 1500 1195 1586 διαβὰς
1224 1501 1311 1569 εἰς
1351 1498 1566 1562 Ἀίδαο
1612 1499 1843 1560 θανεῖν.

402 1584 541 1648 οὐδ’
587 1585 799 1667 ἐμίηνε
845 1590 1017 1670 ποτῷ
1059 1585 1337 1689 καθαρὸν
1386 1583 1582 1666 στόμα
1621 1580 2061 1666 φαρμακόεντι,

487 1668 629 1731 οὔτε
675 1646 1059 1774 πολυχρονίῃ
1100 1672 1201 1734 τὸν
1253 1669 1441 1752 μόρον
1495 1668 1663 1731 εἷλκε
1708 1667 1907 1752 τριβῇ.

393 1750 681 1836 Ῥωμαίῃ
731 1754 952 1836 σεμνὴν
1000 1754 1204 1860 βιοτὴν
1256 1755 1592 1861 σφρήγισσε
1635 1754 1914 1835 τελευτῇ,

484 1839 586 1899 καὶ
623 1837 1028 1942 γενναιοτέρῳ
1073 1838 1292 1923 πότμῳ
1333 1840 1540 1921 ἀφῆκε
1585 1838 1800 1919 πνοήν.

400 1923 582 1985 τουδε
628 1921 817 2005 μόρον
863 1928 1037 2006 τιμᾷν
1082 1901 1335 1985 δύναται
1386 1924 1505 2006 πρὸ
1554 1921 1734 2005 μόροι
1740 1944 1771 1983 ο
1818 1918 2118 1988 Κάτωνος

487 2007 661 2068 αἰών.
705 2007 887 2069 τοῦδε
934 2008 1111 2091 φίλος
1149 2005 1393 2090 Καισαρ
1441 2006 1722 2091 ἐτύγχαν’
1761 2005 1902 2068 ἐών.

402 2178 459 2251 9,
477 2179 579 2238 86.
628 2173 865 2237 Σείλιον
914 2175 1244 2258 ὠκυμόρου
1294 2176 1527 2258 πότμον
1575 2177 1841 2257 γοάοντα
1882 2173 2172 2258 Σεβήρου

488 2259 561 2322 06
607 2265 718 2342 μιῇ
764 2259 1037 2343 Αὔσονίῃ
1088 2263 1307 2342 σεμνὸν
1352 2261 1414 2322 ἐν
1461 2259 1678 2343 εὐεπίῃ

403 2344 509 2407 συν
557 2342 838 2412 Μούσαις
879 2346 980 2407 καὶ
1024 2344 1242 2431 Φοίβῳ
1290 2346 1746 2451 ἐδεινοπάθησα
1790 2344 2040 2426 νοήσας,

484 2453 562 2491 κα
567 2431 679 2510 (ω
730 2430 935 2514 φησὶν,
982 2430 1128 2512 ἐμὸν
1175 2407 1416 2513 Φοῖβος
1458 2428 1734 2492 ἔκλαυσα
1773 2427 1971 2489 Λίνον.

405 2512 467 2581 ἐς
511 2514 579 2576 δὲ
625 2536 988 2618 κασιγνηττν
1040 2514 1240 2597 ὁρόων
1291 2514 1488 2597 (παρὰ
1537 2513 1597 2575 δ’
1635 2513 1802 2575 ιστατ
1869 2512 2203 2597 ἀδελφεῳ)

486 2594 665 2660 Καλλ
631 2597 938 2696 λιόπην,ι
985 2622 1071 2661 ιον
1118 2601 1220 2661 καὶ
1269 2624 1338 2660 συ
1372 2599 1708 2673 πέπονθας,
1754 2594 1897 2681 ἔφη.

405 2684 506 2746 τὸν
550 2683 667 2744 Δία
713 2679 1043 2766 Ταρπεῖον,
1089 2686 1189 2745 τὸν
1219 2682 1564 2745 Παλατῖνον
1614 2682 1908 2764 ἄθρησον.

495 2767 695 2851 βλάψε
740 2767 1249 2851 παρασπονδουσ’
1301 2766 1696 2852 ἀμφοτέρους
1728 2766 2020 2849 Λάχεσις.

404 2850 730 2914 ἀθανάτων
774 2855 968 2935 φῦλον
1016 2853 1263 2956 μοίραις
1299 2853 1702 2976 ὑιποκείμενον
1747 2852 1929 2917 εἰδὼς

487 2938 688 2997 πᾶσαν
740 2937 860 2998 ἀπὸ
912 2937 1137 3020 σφείων
1187 2935 1414 3020 μέμψιν
1466 2937 1937 3000 ἀποσκεδάσαις

410 3109 506 3180 11,
523 3110 622 3169 41.
647 3106 753 3188 τὴν
775 3104 1915 3236 αγέληνπερίαλλαφιλῶνὀσυφορβὸς
1930 3102 2244 3186 Ἀμύντας

486 3193 722 3275 χαίρων
765 3191 813 3251 τ’
860 3189 1108 3274 εὐκλεΐῃ
1153 3191 1437 3273 ποιμνίου
1481 3189 1825 3273 εὐτραφέος

405 3273 2027 3466 ε’Ἔζέῗ.“,Ῐ.ἒὲΞειβἔῖἒῗζῖἓΟὲἰτέζτῗὲῗξίἶῗενῖἶωνας’

404 3443 476 3507 οὐ
515 3443 666 3507 θέλε
711 3466 784 3526 τῃ
835 3446 1010 3530 λώβῃ
1052 3449 1353 3529 περιεῖναι
1396 3445 1682 3549 ἀνάρσιον
1732 3444 1901 3526 υλην,

492 3528 876 3613 ἀνδροφόνον
925 3551 991 3591 τε
1034 3531 1233 3614 πατὴρ
1279 3529 1530 3612 δένδρον
1581 3526 1805 3591 ἔκαυσε
1850 3524 2016 3609 πυρί.
