2452 4186
1151 291 1275 351 167

298 455 350 529 1,
369 456 469 516 51.
519 452 1110 540 ὠμοβόροισιλέουέ
1130 456 1251 541 οὐχ
1268 455 1679 541 ἥρμοσεπλὴν
1698 453 2116 541 μέγαςζαῦχήν.

375 537 543 602 τίπτε
588 541 1050 608 καταπτώσσεις
1084 545 1302 617 ταῦτα,
1345 536 1579 623 λαγωὲ,
1622 541 1826 622 δάκης
1984 578 1988 583 ·

287 621 330 707 ἧ
386 621 442 706 ῥ’
491 624 611 689 ἀπὸ
657 629 776 685 τῶν
822 623 1064 707 ταύρων
1112 625 1210 688 ἐπὶ
1255 629 1366 691 σοῦ
1413 626 1750 707 ὑποβάντες
1786 623 1988 687 ἕλοιεν
2091 680 2094 685 .

372 709 616 783 κλᾶσαι,
663 708 769 788 τὴν
817 707 1024 777 ὄσσοις
1062 709 1182 794 οὐχ
1225 708 1479 793 όρόωσι,
1526 708 1741 795 δέρην,
1901 766 1906 771 .

288 793 569 875 γενναίου
615 791 893 855 ἀπόελπε
935 792 1130 876 μόρου
1177 793 1380 862 κλέος.
1423 793 1497 856 οὐ
1545 794 1804 856 δύνασαι
1843 790 1962 875 γὰρ

374 877 593 940 τούτου
639 875 740 939 ὑπ’
788 877 1120 941 ἀντιπάλου
1166 879 1330 942 λιτὸν
1377 878 1541 961 ἕλωρ
1585 877 1854 941 θανέειν.

292 1048 470 1121 1‚60.
517 1046 572 1108 εἰ
606 1046 709 1108 καὶ
752 1047 990 1130 χάσμα,
1037 1049 1263 1129 λαγὼς,
1311 1044 1607 1114 εἰσδύνεις
1652 1043 1800 1128 εὐρὺ
1847 1043 2117 1122 λέοντος,

373 1129 572 1213 ἤδηὸ
616 1130 739 1214 θὴρ
784 1129 989 1194 δοκέει
1025 1134 1093 1195 τὸ
1142 1129 1324 1214 στόμ’
1368 1128 1598 1215 ἔρημον
1649 1127 1835 1214 ἔχειν.

286 1214 380 1282 εἰς
418 1214 533 1276 τίν’
584 1214 832 1298 ὀρούσει
876 1220 1077 1292 νῶτας
1121 1216 1299 1279 τίνων
1346 1214 1732 1297 ἐπιδράξεται
1779 1213 2008 1296 ὤμων;

376 1302 499 1361 ποῦ
545 1299 737 1383 βάθος
779 1299 842 1366 ἐς
883 1300 1124 1386 ταύρων
1174 1301 1360 1385 βάψει
1405 1299 1659 1366 ὀδόντας
1705 1297 1928 1375 ὅλουςς

281 1383 458 1446 τίπτε
507 1384 698 1466 μάτην
749 1383 1025 1454 σκύλλεις
1071 1386 1318 1468 δρυμῶν
1362 1383 1650 1465 πρύτανιν
1701 1382 1803 1444 καὶ
1850 1381 2117 1458 ἄνακτας

370 1467 702 1551 θῆρα.γὰρ
752 1468 866 1530 οὐκ
917 1468 1104 1532 ἄλλον
1153 1468 1461 1554 βόσκεται,
1508 1468 1546 1550 ἢ
1591 1467 1845 1549 λογάδα.

288 1639 508 1713 1,1Ο4.
554 1638 683 1721 Τὴν
732 1635 989 1719 ζεύγλην
1036 1637 1127 1700 ὅτι
1169 1638 1245 1718 δὴ
1302 1636 1480 1720 φέρει
1518 1634 1814 1720 τραχήλῳ

463 1727 678 1806 στικτῷ
722 1722 1046 1803 πάρδαλις,
1089 1721 1334 1806 ἀγρότις
1381 1743 1446 1783 τε
1485 1721 1670 1801 τῖγρις

450 1805 637 1891 θυμῷ
675 1807 933 1890 τλήμονι
978 1807 1286 1888 μαστίγων
1334 1803 1569 1878 ἀκούει,
1633 1880 1638 1884 .

455 1889 532 1952 τὰ
569 1891 814 1974 χρύσει’
861 1889 1097 1975 ἔλαφος
1138 1890 1366 1975 χαλινὰ
1412 1889 1643 1963 δάκνει,

459 1977 646 2121 ἵὲἑῖὸς
675 1974 1309 2123 ἧῗνκῖἶὶῗὲἒῗὲκτέἒ
1324 1972 1645 2121 ›⁰{Z‘g‘iz‘a

452 2082 1010 2314 κέἱδπριξέπείθεᾷαι
1049 2082 1415 2251 εὐσέζιόφοις
1454 2079 1801 2289 λέπάδνοις,

461 2250 492 2289 ε
559 2250 588 2289 ε
723 2252 857 2298 ςτε
944 2253 1170 2292 ισωνο
1221 2251 1587 2304 ουςαινι,

458 2251 751 2397 εὐπέὲθής
793 2314 853 2376 τ’
907 2312 1137 2395 ἐλέφας
1175 2253 1367 2396 ἔγρὰς
1414 2251 1655 2395 γορείαεῖ
1771 2359 1778 2365 -

457 2401 711 2461 κινεῖται
753 2398 910 2461 κατὰ
948 2398 1054 2480 τὴν
1099 2397 1379 2460 κέλευσιν
1414 2398 1427 2421 ³
1463 2397 1672 2457 νδοῢ··

459 2482 546 2550 τίς
591 2484 764 2545 ταῦτ’
816 2481 888 2544 οὐ
935 2482 1146 2544 δοκέοι
1187 2480 1401 2563 θέαμα
1449 2479 1620 2542 θεῖον
1636 2502 1654 2552 3

453 2570 573 2629 τῶν
621 2564 686 2628 δ>
737 2571 822 2635 ὡς
861 2566 1196 2629 οὐτιδανῶν
1240 2564 1668 2649 κατεφρόνησε

451 2650 659 2718 τιτθὰς
709 2651 870 2719 ὅστις
915 2649 1041 2713 ’ίδεν
1088 2650 1337 2718 λέοντος
1369 2648 1578 2731 ἄγρας,

457 2734 525 2797 ὃν
569 2738 944 2798 πτώσσουσα
992 2736 1156 2820 φυγὴ
1199 2738 1403 2817 λαγῶν
1448 2733 1689 2816 ἐγείρει,

457 2819 543 2881 ὧν
578 2818 698 2902 θὴρ
745 2820 1014 2903 δράττετ’
1066 2821 1268 2904 ἀφείς,
1318 2822 1490 2903 φιλεῖ
1527 2818 1599 2880 θ’
1646 2813 1924 2885 ἁλόντας.

452 2906 580 2972 τοῖς
624 2903 677 2965 δ’
732 2904 860 2966 ἐστὶ
908 2903 1135 2972 σκέπας
1181 2904 1461 2988 ἀσφαλὲς
1500 2904 1569 2965 τὸ
1616 2902 1854 2985 χάσμα,

442 2986 553 3055 οἷς
593 2990 813 3073 λευρὸν
857 2987 1075 3070 γένυος
1118 2989 1298 3057 κύτος
1346 2989 1591 3068 διοίγων
1709 3055 1712 3062 ,

450 3072 676 3156 χαίρει,
717 3072 1125 3157 φειδομένους
1167 3075 1382 3158 χαλῶν
1431 3071 1704 3151 ὀδόντας,

450 3156 653 3240 θήρην
698 3155 1027 3241 αἰδόμενος
1073 3157 1289 3241 μικρὴν
1337 3158 1694 3239 σπαράττειν

448 3247 569 3302 τῶν
617 3241 859 3325 ταύρων
909 3241 1205 3324 στορέσας
1246 3241 1321 3303 τὰ
1363 3240 1608 3322 σώματ’
1657 3239 1808 3323 ἄρτι.

449 3324 633 3409 τέχνη
685 3326 792 3407 μὲν
832 3325 976 3389 τόδε
1017 3330 1213 3410 πρᾶον
1263 3325 1334 3387 οὐ
1384 3325 1640 3407 πορίζει.

448 3408 597 3472 ἄλλ’
646 3409 718 3474 οὔ
761 3412 987 3479 δοῦλος
1032 3409 1178 3495 ἔφυ,
1228 3408 1389 3473 λέων
1440 3413 1684 3492 συνῆκε.
