2452 4186
1061 298 1191 358 249

217 487 318 548 μς.
341 461 578 548 Μούνῳ
604 461 800 547 ἄθυρε
843 462 1071 549 τρόχῳ.
1097 461 1369 550 Κυβείαν
1411 465 1612 524 πᾶσαν
1638 462 1890 526 ἀλεύου.
1942 467 2042 548 μζ.

218 546 533 632 μη.Ἰσχύί’
561 548 749 630 μηδὲν
780 547 1075 631 ἐπίτρεπ’.
1120 545 1468 612 Ἐλάσσονα
1492 547 1573 630 μὴ
1603 546 1874 632 ἀθέριζε.
1938 549 2043 632 μθ.

215 655 266 695 ν.
328 631 705 716 Ἀλλοτρίων
743 633 1013 694 κτεάνων
1042 635 1123 718 μή
1150 656 1220 695 σε
1250 631 1478 718 φρένας
1499 631 1710 715 ἵμερος
1738 630 1933 695 ἔλθοι.

213 739 311 780 να.
330 714 457 799 Τὴν
498 715 767 800 γαμετὴν
806 717 915 800 σὴν
952 718 1393 801 ἀμφαγάπαζε.
1440 714 1533 820 T}
1567 715 1749 779 τέκνα
1785 718 1865 780 δι-
1949 719 2046 804 νβ.

213 882 432 968 νγ.“ον
460 884 612 948 θέσο
636 884 1136 969 θεσμὸν,ἔνεγκε.
1184 888 1379 949 Λάλει
1403 802 1751 970 πδαορῗὶκεδκάιτὶ
1771 888 1909 972 βρά-
1952 871 2044 950 νδ.

214 1077 304 1119 νε.
328 1051 517 1117 Τοῦθ’
536 1053 758 1136 ἕρδειν,
777 1054 809 1117 ὃ
828 1054 1058 1117 δίκαιον
1075 1053 1216 1139 ἔφυ.
1234 1053 1354 1119 Τὸν
1377 992 1810 1140 ἔρξὲιαφέρειν
1824 1053 1915 1118 εὖ.
1954 1077 2045 1126 νς.

757 1219 1099 1286 ΒΙΒΛΙΟΝ
1138 1219 1497 1287 ΠΡΩΤΟΝ.

216 1310 297 1374 Α.
391 1304 469 1371 Εἰ
514 1305 672 1375 Θεός
715 1307 843 1370 ἐστι
886 1312 1051 1387 νοῦς,
1098 1311 1182 1374 ὡς
1226 1307 1512 1390 θέσφατα
1556 1310 1707 1394 φησὶ
1743 1311 2048 1385 παλαιῶν,

389 1388 512 1455 Καὶ
547 1391 617 1453 σὺ
651 1391 805 1474 μάλ’
838 1391 1144 1460 ἐνδυκέως
1168 1391 1431 1477 καθαρῷ
1458 1395 1571 1474 νοΐ,
1622 1393 1798 1456 τόνδε
1823 1392 2047 1478 σέβιζε.

216 1477 326 1543 Β.·
395 1474 481 1539 Τὸ
516 1475 705 1539 πλέον
733 1476 1044 1560 ἀγρύπνει,
1077 1477 1159 1559 μὴ
1180 1476 1462 1559 ἀμέτρως
1488 1479 1548 1540 δ’
1581 1477 1706 1541 ἰ’σθι
1731 1479 2049 1562 φίλυπνος.

221 1595 226 1599 -
386 1559 483 1624 εΗ.
496 1563 695 1645 μακρή
722 1564 783 1642 γ’
814 1562 1145 1624 ἀνάπαυλα
1171 1562 1407 1646 τροφὴν
1439 1563 1743 1625 παθέεσσι
1769 1566 2048 1647 χοηργεῖ.

216 1648 288 1712 Γ.
387 1644 645 1730 Πρώτην
692 1653 811 1708 τῶν
853 1647 1088 1726 ἀρετῶν
1123 1648 1280 1728 ἢγοῦ
1303 1647 1410 1728 τὴν
1444 1651 1728 1728 γλῶσσαν
1753 1647 2048 1731 ἐπισχεῖν.

378 1731 563 1815 ’Άγχι
605 1731 758 1794 θεοῦ
803 1729 918 1813 γὰρ
972 1731 1226 1807 ἐκεῖνος,
1277 1730 1352 1798 ὃς.
1389 1731 1551 1795 οἶδεν
1598 1732 1805 1815 καίρια
1859 1734 2049 1815 σιγᾷν.

217 1818 289 1880 Δ.
373 1813 679 1898 ζΡήμοισιν
728 1815 1067 1897 ἀντιλόγοις
1109 1816 1191 1899 μὴ
1239 1815 1508 1885 ἐναντίος
1554 1816 1682 1879 ἴσθι
1725 1821 1987 1900 σεαυτῷ.

394 1897 618 1964 Οὐδενὶ
665 1902 1087 1985 συμφωνήσει,
1128 1901 1195 1967 ὃς
1237 1899 1310 1962 οὐ
1355 1906 1681 1986 συμφωνεῖ
1724 1903 1950 1984 ἑαυτῷ.

217 1984 292 2051 Ε.
378 1983 493 2048 ''Hv
518 1985 649 2047 ποτ’
681 1985 744 2053 ἐς
767 1983 1111 2067 ἀνθρώπων
1139 1985 1356 2067 ἐπίδῃς
1380 1985 1711 2070 βίον,ἥθεα
1736 1986 1787 2048 τ’
1817 1984 2051 2047 αὐτῶν·

394 2067 528 2153 Κῄν
558 2069 731 2133 αὐτοὶ
754 2070 1045 2154 μωμῶντ’
1079 2069 1331 2146 ἄλλους,
1355 2076 1473 2134 τῶν
1501 2070 1563 2134 δ>
1590 2070 1753 2139 οὔτις
1771 2070 2050 2155 ἄμωμος.

220 2181 274 2229 ς.
384 2152 785 2237 Κτησάμενος
798 2154 1097 2242 βλαβερόν
1113 2180 1187 2230 τι,
1200 2157 1303 2219 καὶ
1316 2157 1371 2218 εἰ
1384 2157 1564 2240 φίλον
1578 2158 2053 2241 ἐστὶ,παραιτοῦ.

382 2237 558 2303 ”Εσθ’
575 2239 666 2302 ὅτι
681 2241 780 2302 δεῖ
789 2240 1081 2303 πλούτοιο
1095 2240 1171 2302 τὰ
1185 2241 1475 2325 σύμφορα
1490 2242 1760 2324 πρόσθεν
1783 2240 2054 2304 ἑλέσθαι.

218 2327 290 2392 Ζ.
378 2322 491 2394 Ὠς
519 2324 701 2405 λόγος
730 2326 997 2407 αἱρῆται,
1043 2325 1265 2407 σεμνὸς
1297 2329 1503 2406 γενοῦ,
1537 2327 1653 2409 ἡδὲ
1678 2325 2009 2408 προσηνής.

315 2456 322 2465 .
384 2406 489 2472 Ἐν
529 2413 728 2492 καιρῷ
769 2410 965 2492 σοφὸς
988 2406 1144 2491 ἦθος
1185 2409 1574 2489 ἀνεγκλήτως
1618 2409 2012 2492 μεταβάλλει.

218 2496 299 2561 Η.
389 2492 788 2579 Μεμφομένῃ
837 2492 1103 2560 δούλους
1146 2490 1229 2576 μὴ
1283 2491 1435 2574 ἄγαν
1478 2494 1723 2556 πίστευε
1772 2493 2055 2576 δάμαρτι.

391 2576 702 2646 Πολλάκις
745 2580 785 2660 ἡ
838 2578 1226 2660 σύλλεκτρος,
1275 2576 1342 2639 ὃν
1389 2578 1541 2661 ἀνὴρ
1591 2578 1835 2662 φίλατο,
1869 2580 2054 2659 μισεῖ.

221 2664 295 2729 Θ.
379 2662 491 2727 ’Ήν
527 2686 659 2726 τινα
688 2662 1041 2746 νουθετέῃς,
1087 2664 1118 2725 ὁ
1158 2662 1219 2725 δ>
1252 2662 1573 2746 ἐφετμέων
1604 2662 1717 2725 οὐκ
1751 2659 2055 2743 ἐπακούῃ,

285 2798 292 2803 -
391 2747 468 2812 Εἰ
510 2750 679 2831 μάλα
724 2771 821 2831 μιν
861 2749 1081 2831 κραδίῃ
1129 2747 1384 2831 φιλέεις,
1432 2748 1514 2831 μὴ
1557 2750 1708 2829 λῆγε
1752 2749 2055 2829 μενοινῆς.

218 2834 271 2900 Ι.
394 2832 500 2916 Μὴ
546 2833 823 2918 συνέριζε
867 2832 1032 2916 λόγῳ
1075 2837 1202 2900 τοῖς
1251 2833 1538 2914 ἀνδράσιν
1600 2829 2055 2914 ἀκριτομύθοις.

394 2917 557 2981 Πᾶσι
600 2916 783 3001 λόγος
827 2916 1096 2993 δέδοται,
1140 2917 1328 3001 σοφίη
1370 2918 1438 2979 δὲ
1475 2921 1715 3001 φρενῶν
1748 2916 2024 2998 ὀλίγοισι.

221 3002 328 3068 IA⁴
376 3000 496 3072 “Ως
548 3002 778 3070 ἄλλους
813 2999 1069 3084 φιλέειν,
1110 3003 1193 3069 ὣς
1231 3003 1335 3064 καὶ
1380 3002 1558 3085 φίλος
1602 3000 1759 3064 εἶναι
1800 3002 2027 3083 ἑαυτῷ.

382 3085 504 3156 ζὨς
542 3090 833 3172 χρηστοῖς
880 3082 987 3147 ἔσο
1027 3087 1329 3169 χρηστὸς,
1393 3086 1563 3233 ὅτὲως
1603 3086 1833 3171 βλάβος
1875 3084 2056 3147 οὐδὲν

1482 3172 1586 3233 πίσ
1683 3192 1730 3238 ς.

221 3255 331 3322 ΙΒ.
396 3256 604 3337 Φεῦγε
631 3252 1255 3338 νέουςθρύλλους,μὴ
1275 3195 1960 3339 καινοτόμόῑςΐξτὶςάκούσ
2010 3272 2057 3321 ς.

398 3336 646 3404 Οὐδένα
682 3341 742 3421 γ’
778 3340 819 3420 ἠ
850 3341 1009 3421 σιγὴ,
1038 3342 1105 3404 τὸ
1141 3341 1412 3421 λαλῆσαι
1456 3341 1513 3402 δ’
1540 3338 1743 3423 ἤκαχε
1765 3339 1965 3400 πολλο
2011 3359 2059 3406 ς.

223 3424 325 3490 ΙΓ.
390 3420 635 3487 Ἐλπίδ’
678 3424 1056 3508 ἀπαγγελίης
1100 3425 1182 3508 μὴ
1233 3424 1482 3506 ἑτοίμην
1529 3423 1746 3486 αὐτίκα
1793 3423 1972 3504 ἡγοῦ.

385 3506 471 3571 ‘H
509 3507 703 3576 πίστις
746 3509 968 3591 σπανίη
1005 3508 1090 3591 γ’,
1138 3508 1231 3572 ὅτι
1265 3509 1487 3571 πολλοὶ
1514 3508 1720 3571 πολλὰ
1748 3509 2031 3571 λαλοῦσι.
