2452 4186
1125 307 1245 367 403

268 476 505 548 Rebus,
549 474 847 535 velivolas
895 475 1240 537 observans
1283 476 1541 535 candida
1581 484 1845 553 puppes3

268 563 470 637 Atque
512 560 633 619 tuis
677 560 922 638 largire,
964 562 1256 636 Favonia,
1304 563 1494 620 flabra
1529 562 1845 623 ministris.

734 731 1034 789 Portumni
1074 732 1352 807 suffimen,
1394 751 1626 790 manna.
2018 734 2099 792 74

270 816 390 891 Qui
436 816 659 875 suxisti
701 835 822 873 una
863 835 996 873 cum
1043 816 1272 875 Brumo
1313 817 1473 875 lacte
1515 817 1857 890 novellum,
1911 867 1916 870 .

273 899 516 975 Quique
555 900 699 959 colis
739 900 1004 975 liquidos
1053 908 1114 959 et
1155 910 1403 960 ovantes
1445 903 1683 961 turbine
1727 920 1988 978 campos,

275 986 331 1046 O
375 986 711 1044 Portumne
758 986 1036 1044 lubenter
1074 986 1152 1044 ad
1196 987 1345 1044 haec
1389 995 1449 1044 te
1496 987 1621 1046 liba
1660 1006 1978 1059 vocamus;

268 1072 501 1129 Fronte
543 1070 920 1129 renidentem
970 1079 1030 1129 et
1064 1072 1286 1129 ridenti
1320 1071 1549 1129 lumine
1593 1072 1759 1145 volti,

273 1155 750 1232 Servantemque
793 1164 933 1214 tuos
973 1164 1253 1231 terraque
1296 1157 1566 1231 marique
1611 1157 1945 1217 ministros.

270 1240 554 1317 Namque
596 1242 766 1318 vagis
805 1243 1035 1300 ratibus
1081 1243 1190 1300 sub
1238 1249 1596 1317 tempestate
1639 1259 1868 1301 sonora

272 1324 507 1401 Sospes
549 1327 719 1399 ades,
764 1334 824 1383 et
858 1334 918 1383 te
961 1326 1192 1401 cupidis
1241 1326 1597 1385 mortalibus
1639 1327 1825 1386 offers

271 1416 573 1469 Avertens
620 1429 834 1469 saevas
875 1412 999 1469 iras
1048 1430 1156 1487 per
1199 1411 1440 1469 caerula
1480 1412 1670 1487 ponti.

579 1581 867 1638 Divarum
920 1580 1296 1638 Camenarum
1340 1581 1618 1656 suffimen,
1666 1590 1773 1639 tue.
2018 1580 2097 1644 75

273 1664 668 1723 Mammuriae
717 1673 898 1739 atque
935 1665 1102 1724 Iovis
1147 1665 1403 1741 strepeti
1445 1672 1743 1742 prognata
1766 1683 2097 1744 propageS,

274 1750 552 1808 Illustres
599 1749 990 1825 celebresque
1029 1749 1543 1824 Novensidesque
1588 1748 1924 1809 Camenaet
2177 1749 2182 1755 ’

274 1835 356 1893 Et
401 1835 654 1911 quoiviS,
701 1853 1114 1911 quemcunque
1156 1835 1379 1894 fovetis
1426 1835 1685 1892 amabile
1730 1835 1976 1913 volgus,

272 1920 500 1978 Artitas
541 1939 755 1979 omnes
797 1921 1053 1978 virtutes
1100 1926 1607 1997 progeneranteS,

270 2003 556 2063 Nutrices
599 2005 807 2077 animi,
841 2005 1104 2062 directae
1144 2005 1365 2063 mentis
1406 2006 1693 2077 amussiS,

269 2093 471 2167 Atque
513 2090 839 2168 magistrae
889 2091 1074 2149 animi
1121 2091 1498 2150 moderantes
1542 2099 1709 2149 recta
1749 2090 2036 2170 guberna.

272 2177 569 2252 Quaeque
613 2176 801 2234 sacris
841 2177 1120 2235 homines
1158 2177 1418 2235 imbutos
1441 2177 1843 2236 instituistis:

270 2262 479 2332 Flora,
527 2258 836 2332 Cluacina,
885 2268 945 2318 et
985 2261 1208 2333 Vitula,
1258 2269 1318 2319 et
1365 2260 1669 2319 Casmena
1711 2261 1946 2338 virago,

274 2346 621 2420 Caeliaque,
662 2353 722 2402 et
747 2344 1036 2420 Tripuda,
1071 2344 1500 2419 etCarmenta,
1527 2352 1586 2402 et
1616 2344 1757 2403 diva
1773 2345 2096 2404 Venustas.

274 2431 528 2502 Oscina,
574 2431 921 2502 flexanima,
967 2438 1026 2488 et
1067 2438 1262 2489 mater
1299 2431 1673 2504 Maiestaque
1709 2431 2032 2507 princepss

270 2518 436 2593 Ergo
479 2514 652 2572 Deae
698 2517 814 2573 huc
862 2534 974 2592 age
1020 2516 1409 2591 praestitibus
1470 2522 1708 2574 ventate
1750 2515 2047 2587 faventes,

272 2601 609 2660 Vobiscum
649 2601 830 2660 decus
881 2602 1270 2678 omnipotens
1316 2610 1375 2658 et
1416 2601 1694 2659 adoream
1740 2607 2009 2678 agentes.

651 2775 841 2831 Divae
883 2774 1271 2831 Mammuriae
1305 2773 1585 2846 suffimen,
1634 2781 1739 2829 tus.
2015 2769 2094 2828 76

274 2859 694 2916 Mammuriam
740 2858 917 2916 elicio
957 2857 1125 2916 Iovis
1169 2851 1588 2932 omnipotenti'
1630 2854 1927 2928 maritam,

277 2941 565 3018 Quaeque
607 2944 741 3018 pias
795 2950 888 3002 est
933 2942 1477 3018 du[l]ciloquasque
1526 2941 1706 2999 enixa
1752 2936 2072 3011 Camenas,

272 3028 598 3102 Pestifera,
642 3036 881 3087 versata
926 3028 1187 3085 caducae
1225 3027 1451 3086 oblivia
1489 3025 1732 3096 mentis,

276 3113 650 3173 Continuans
692 3121 925 3171 mentes
973 3114 1304 3170 animarum
1341 3112 1588 3170 foedere
1630 3128 1853 3183 sacro„

272 3199 548 3276 Reginae
593 3199 943 3274 omniparae
977 3198 1233 3256 rationis
1278 3198 1491 3270 amica,
1529 3197 1740 3254 fovens
1781 3193 1927 3267 vim,

269 3284 568 3361 Pervigil,
612 3283 928 3358 irrequies,
974 3292 1381 3342 memoranter
1425 3288 1639 3340 cuncta
1680 3278 2058 3351 ministram,

272 3368 550 3442 Quorum
591 3370 844 3445 quisque
889 3368 1067 3428 simul
1104 3369 1169 3426 in
1213 3377 1459 3446 pectore
1501 3367 2011 3438 ruminatartem,

270 3452 411 3514 Nec
448 3454 592 3528 quid
632 3455 1008 3530 praeteriens
1045 3454 1341 3532 instigans
1386 3453 1617 3512 lumina
1662 3449 1901 3509 mentis.

271 3539 678 3602 Praestitibus
719 3539 1019 3600 memores
1060 3548 1295 3600 mentes
1342 3540 1420 3600 da
1460 3539 1563 3597 dia
1593 3537 1845 3596 Moneta
1947 3566 1950 3569 1

1576 3633 1709 3695 26*
