2452 4186
1109 325 1233 385 2⁴3

249 485 351 552 Ἐν
393 492 482 573 τῷ
534 488 778 551 δικάσαι
814 488 883 550 τὸ
925 491 1081 576 ταχὺ
1124 494 1267 568 πᾶν,
1313 490 1607 555 ὑπαίτιον.

254 573 586 641 Φειδωλὸς
627 571 701 634 οὔ
743 595 865 658 τεῳ
955 576 1197 658 ρηστὸς,
1241 574 1385 637 ἐσθ’
1432 575 1603 660 αὑτῷ
1644 574 1851 645 κακός.

244 654 352 721 Ἔν
401 660 595 719 τοῖσιν
637 656 907 742 ἀπύροις.
969 661 1058 722 στὶ
1097 661 1456 745 παράβολον
1492 660 1673 724 πολύ.

235 729 385 806 Ὀὔκ
429 740 545 803 εἶσ’
591 742 867 827 ὑβρισταὶ
914 745 1211 847 σχετλίων
1259 744 1565 828 ἀκληρίαι.

246 825 504 889 Σύνοιδ’
548 827 579 889 ὁ
673 826 853 911 είρων
903 850 995 896 οις
1040 830 1073 891 ὃ
1116 829 1406 911 κρείττων
1449 827 1646 912 ἤλιτε.

234 908 322 974 ‘H
367 910 448 973 δι’
498 849 764 992 „eb—5252?
814 912 941 974 ἐστ’
974 910 1366 976 ἀνεπίδεκτον
1413 914 1669 998 ὕβρεως.

235 994 530 1063 Ἀναξίου
581 993 877 1079 δεόμενος
920 997 1151 1067 ἀδικεῖς
1191 997 1496 1081 τούγενές.

228 1074 551 1148 αΑπαντας
595 1077 819 1165 ἔβλαψ’
871 1082 1128 1150 ἀθλίους
1169 1083 1500 1167 ἀχάριστος
1538 1081 1645 1150 εἷς.

241 1161 515 1248 Ἐχθρὸν
562 1165 898 1251 φοβεῖσθαι
938 1168 1039 1229 καὶ
1080 1168 1497 1251 χαμαίζηλον,
1545 1170 1769 1249 σοφοῦ.

244 1246 431 1314 Τῖσαι
473 1250 574 1311 τὸν
624 1249 849 1334 ἐχθρόν
896 1250 1022 1313 ἐστι
1068 1252 1355 1334 δεύτερος
1402 1251 1551 1335 βίος.

242 1333 425 1415 Λήθη
470 1335 731 1418 βαρειῶν
780 1334 936 1396 ἐστὶν
984 1336 1220 1440 ὕβρεων
1272 1334 1438 1403 ἄκος.

242 1414 445 1500 Χάριν
497 1418 777 1503 δεομένῳ
820 1418 910 1486 δὶς
955 1420 1178 1482 διὀωσ’
1222 1422 1255 1483 ὁ
1307 1419 1453 1487 δοὺς
1487 1418 1664 1502 ταχύ.

241 1499 449 1584 Παῢρ’
500 1502 744 1585 ὑστερεῖ
778 1502 1011 1586 πένητι,
1057 1503 1261 1566 πολλὰ
1304 1504 1553 1588 κίμβικι.

241 1583 567 1669 Μεμηνύτ’
599 1588 786 1670 ,ἀνδρὶ
829 1591 949 1655 πᾶς
987 1588 1326 1672 μεμηνέναι
1371 1589 1560 1650 δοκεῖ.

229 1666 570 1739 Ἕνσκευος
617 1670 802 1734 ἔνδει’
855 1673 1068 1757 ὀλβίου
1103 1674 1181 1736 ,τὸ
1226 1674 1622 1757 φιλάργυρον.

237 1753 395 1818 Ποῖ’
435 1755 582 1831 ἐστὶ,
628 1755 915 1839 μάνθαν’,
966 1760 1126 1820 ὥστε
1173 1759 1345 1842 δρᾷν,
1385 1757 1460 1819 τὰ
1497 1756 1753 1839 κρήγυα.

242 1838 496 1906 Φθόνος
537 1840 606 1903 ’τὸ
656 1842 980 1926 βλαβερὸν,
1028 1841 1101 1904 οὐ
1148 1843 1214 1905 τὸ
1258 1841 1577 1926 σύμφορον
1623 1842 1823 1903 λαλεῖ.

245 1922 495 1993 Φθόνος
536 1925 739 2009 λάθρα
789 1927 921 2008 μὲν,
968 1928 1287 2010 δυσμενῶς
1332 1926 1390 1989 δ’
1441 1926 1764 2010 ὀργίζεται.

233 2009 527 2073 Ἀνεκτὸν
568 2009 950 2096 εὐψύχοισιν,
988 2012 1027 2095 ἢ
1077 2014 1306 2096 μάκαρι
1339 2010 1589 2096 φθόνος.

239 2095 534 2179 Παριδὼν
579 2096 646 2158 τὸ
690 2096 1093 2180 πλημμέλημ’
1144 2097 1511 2180 ἁμαρτάνειν
1553 2097 1767 2163 ποιεῖς.

229 2179 483 2244 Ἀκοντ’
537 2180 772 2262 ἐρύκων
820 2181 1099 2250 ἐκκαλεῖς
1140 2181 1380 2251 ἐξιέναι.

235 2261 468 2349 Ὀργὴν
512 2265 820 2348 φυλάττου
865 2265 1126 2350 βραχέα,
1180 2268 1287 2349 τὴν
1334 2264 1583 2349 ἔχθραν.
1614 2263 1680 2328 δ’
1727 2264 1846 2327 ἀεί.

245 2346 710 2431 Χολουμένοισι
750 2348 951 2432 τόλμα
995 2351 1097 2412 καὶ
1185 2351 1338 2432 ουλὴ
1388 2350 1577 2410 δοκεῖ.

244 2431 517 2515 Παύρων
568 2431 878 2516 δεόμενός,
906 2434 1083 2510 ἐστιν,
1171 2456 1199 2502 ς
1242 2433 1496 2516 παύρων
1547 2429 1679 2516 ἐρᾷ.

245 2515 352 2599 Μὴ
408 2516 557 2600 δρᾷν
605 2541 681 2596 τι,
731 2518 946 2600 μίσους
986 2519 1146 2582 ὥστε
1191 2520 1452 2601 πάσχειν
1502 2515 1556 2578 σ’
1610 2516 1768 2586 ἄξια.

244 2600 605 2678 Πίστευσον,
654 2607 738 2670 ὥς
779 2604 858 2685 μὴ
908 2604 1175 2687 δυσμενῆ
1215 2601 1497 2676 κτᾶσθαι,
1540 2601 1722 2685 φίλῳ.

245 2685 485 2749 Γένοιτ’
541 2685 611 2748 ἂν
656 2686 838 2748 οὐδὲν
880 2687 1023 2768 ἡδὺ,
1070 2689 1225 2770 πλὴν
1272 2688 1339 2750 ἐκ
1387 2687 1791 2770 μεταβολῆς.’

243 2769 491 2833 Σαυτοῧ
531 2770 836 2853 κατέγνως
881 2771 1088 2834 ἄδικον
1139 2772 1455 2846 ἀπολύων,
1500 2771 1691 2854 κριτά.

232 2854 531 2938 Ἀλγησις
576 2854 820 2940 ἐχθρῶν
866 2857 1261 2940 ἠδικημένοις
1303 2855 1468 2924 ἄκος.

246 2935 447 3003 Οὐδὲν
498 2939 737 3022 μέτεστι
776 2940 978 3002 κοινὸν
1020 2941 1171 3027 αἴνῳ
1215 2943 1320 3004 καὶ
1359 2946 1583 3047 τρυφῇ.

231 3019 446 3107 ’Έῤῥει
481 3027 747 3092 παλαιὸς
796 3025 983 3100 αἶνος,
1026 3027 1098 3109 ἢν
1147 3027 1228 3109 μὴ
1280 3025 1419 3094 νέος
1456 3025 1595 3109 ὀρῃ.

232 3106 489 3176 ’Άδικος
537 3107 725 3193 νόμον
774 3108 1071 3185 δέδοικεν,
1127 3113 1158 3174 ὁ
1187 3112 1248 3173 δ’
1295 3110 1507 3177 ἀθῶος
1552 3109 1762 3192 τύχην.

245 3188 342 3254 Τὰ
385 3190 630 3255 δοθέντ’
681 3193 930 3256 ἀπαιτεῖ
964 3194 1472 3278 μεταμελουμένη
1520 3191 1696 3277 τύχη.

237 3271 317 3339 ‘O
362 3282 472 3339 τοῦ
505 3277 794 3358 γενέσθαι
835 3280 937 3340 καὶ
982 3280 1215 3356 θανεῖν,
1256 3279 1459 3345 κοινὸς
1501 3276 1709 3359 νόμος.

244 3358 490 3428 Πάντας
530 3362 792 3447 δαμάζει
833 3363 936 3425 καὶ
980 3366 1045 3428 τὸ
1094 3370 1292 3448 νεῦμα
1330 3368 1436 3446 τῆς
1481 3365 1732 3446 τρυφῆς-

246 3441 468 3530 Τρυφὴ
509 3449 827 3533 χαρακτὴρ
874 3449 957 3510 ὧν
1001 3448 1063 3532 γ’
1099 3452 1130 3514 ὁ
1172 3454 1317 3517 νοῦς
1354 3451 1591 3529 κοῦφος
1628 3449 1862 3530 φρονεῖ.

243 3527 463 3599 Κακοΰ
505 3533 822 3616 χαρακτὴρ
867 3535 1120 3615 γλῶσσα
1162 3539 1271 3597 νοῦ
1317 3529 1720 3613 κακύστομος.

1551 3630 1677 3690 16*
