2452 4186
1258 321 1333 381 16

461 489 820 563 Plurimum,
878 499 938 548 et
981 491 1307 550 immanem
1347 489 1674 567 perniciem
1720 496 2031 564 oppetere,

381 572 566 635 Solus
615 576 776 652 apud
819 576 1073 652 Libyas,
1114 576 1215 647 „vel
1256 584 1449 635 tostos
1492 574 1730 633 solibus
1775 574 1964 633 Indos

465 659 796 720 Occurram
841 660 1022 720 fulvis
1072 661 1253 719 obvia
1293 660 1523 736 praeda
1563 660 1732 717 feris.

377 743 550 805 Haec
593 746 822 804 ecfatus
868 745 993 817 ubi,
1038 745 1215 805 laeva
1260 746 1336 803 de
1375 756 1546 821 parte
1587 743 1869 803 secundis

463 829 728 889 Alitibus
771 831 1050 889 dextrum
1097 831 1374 889 sternuit.
1400 850 1579 889 omen
1624 833 1827 887 Amor.

377 917 494 973 Ast
531 917 721 973 Acme
766 923 949 991 caput
994 916 1335 988 inflectens,
1373 915 1669 992 puerique
1711 914 2026 972 lacessens

460 1000 648 1058 Ebria
687 1000 1010 1076 purpureis
1054 1001 1285 1058 lumina
1320 999 1643 1071 sufficiens,

379 1083 503 1157 Sic,
547 1085 760 1161 inquit,
806 1104 945 1142 mea
987 1085 1132 1158 vita,
1179 1105 1348 1145 meus
1391 1085 1579 1160 lepor,
1620 1083 1759 1140 huic
1795 1082 2032 1139 domino
2070 1082 2210 1154 mni,

464 1169 626 1226 Huic
674 1170 877 1228 devoti
919 1171 1082 1228 omni
1118 1179 1393 1246 tempore
1427 1171 1641 1240 simus„
1685 1168 1795 1225 ait:

376 1255 462 1315 Ut
504 1255 652 1312 mihi
694 1274 854 1313 nunc
897 1256 1086 1313 maior
1132 1255 1372 1313 molleis
1418 1262 1512 1313 est
1552 1256 1797 1311 flamma
1839 1250 2163 1322 medullaS,

460 1341 681 1399 Acrior
727 1348 786 1397 et
823 1341 1001 1398 misto
1046 1341 1249 1418 gliscit
1294 1359 1494 1399 amore
1540 1340 1726 1396 furor.

377 1425 511 1484 Hoc
555 1433 877 1501 postquam
921 1426 1118 1483 ecfata
1163 1434 1276 1498 est,
1323 1426 1500 1483 laeva
1540 1425 1614 1482 de
1660 1431 1834 1500 parte
1876 1421 2163 1480 secundis

462 1510 725 1568 Alitibus
768 1510 1045 1567 dextrum
1093 1511 1350 1568 sternuit
1391 1529 1566 1567 omen
1605 1512 1813 1567 Amor.

377 1593 573 1652 Nunc
603 1595 764 1652 bono
809 1595 883 1652 ab
933 1595 1246 1670 auspicio,
1295 1595 1511 1653 faustis
1560 1594 1891 1666 avibusque
1926 1591 2210 1668 profecti,

462 1679 765 1737 Mentibus
811 1679 1116 1738 unanimis
1163 1688 1370 1737 mutua
1410 1687 1707 1750 amantur,
1752 1685 1974 1736 amant.

377 1762 579 1823 Unam
625 1761 955 1840 Septimius
992 1783 1152 1821 nunc
1194 1764 1422 1823 mavult
1468 1764 1708 1822 saucius
1754 1765 2003 1834 Acmen,

465 1849 663 1923 Quam
711 1847 943 1925 Syrias,
991 1857 1096 1906 aut
1131 1868 1290 1924 quae
1334 1869 1522 1926 regna
1563 1849 1895 1906 Britannus
1931 1848 2138 1904 habet.

376 1932 514 1993 Uno
558 1934 621 1991 in
661 1932 952 2009 Septimio
995 1935 1134 1992 totis
1171 1953 1329 1992 nunc
1371 1935 1654 1993 sensibus
1703 1936 1889 1990 Acme

459 2018 710 2076 Perdita
758 2019 1085 2096 conspirat,
1133 2019 1505 2096 deliciasque
1555 2017 1718 2075 facit.

379 2104 534 2180 Quis
576 2124 688 2181 par
732 2105 1046 2164 candidius
1093 2113 1434 2163 tenerorum
1476 2104 1625 2162 vidit
1673 2102 2021 2161 amantum?
2102 2129 2107 2138 ·

461 2192 584 2248 Aut
624 2190 745 2247 fuit
776 2189 1046 2266 auspicio
1086 2210 1241 2264 quae
1284 2191 1538 2247 meliore
1584 2188 1842 2247 Venus?

432 2362 490 2417 8.
589 2358 802 2417 Catulli
847 2358 1063 2416 Passer
1098 2357 1353 2417 mortuus
1399 2358 1491 2433 [3]
1534 2359 1793 2415 similiter
1836 2376 2158 2415 conversus.

376 2443 644 2521 Lugete,
695 2464 730 2502 o
775 2452 1063 2518 quantum
1114 2452 1206 2501 est
1249 2444 1555 2516 Veneram
1600 2450 1779 2517 atque
1818 2441 2210 2518 Cupidinum,

1731 2534 2034 2584 amantum

460 2618 657 2686 Atque
711 2619 1105 2670 venustorum
1150 2613 1437 2688 quicquid
1480 2612 1701 2687 ubique
1743 2612 2045 2669 hominum
2085 2619 2208 2685 est,

376 2695 630 2773 Lugete.
710 2697 825 2754 Ille
867 2716 1041 2755 meae
1081 2698 1373 2772 lususque
1419 2705 1479 2753 et
1523 2716 1668 2753 cura
1713 2696 1972 2772 puellae,

459 2781 557 2838 Ah
601 2781 785 2853 dolor,
834 2782 938 2839 ille
989 2801 1161 2839 meae
1204 2782 1484 2839 delicium
1530 2781 1836 2839 Dominae

375 2865 607 2924 Passer
651 2875 925 2925 mortuus
973 2875 1094 2937 est3
1145 2886 1324 2942 quem
1373 2866 1529 2925 serio
1572 2875 1881 2923 amaverat
1928 2866 2037 2923 illa

461 2950 610 3009 Plus
652 2970 831 3025 quam
877 2971 974 3023 se,
1020 2952 1161 3027 plus
1208 2970 1388 3026 quam
1435 2952 1619 3008 vitam
1669 2951 2000 3028 oculosque
2040 2969 2205 3009 suos,

375 3035 654 3110 Namque
703 3045 833 3093 erat
875 3045 934 3093 et
968 3037 1256 3109 mellitus,
1301 3046 1360 3094 et
1384 3037 1582 3113 ipsam
1616 3036 1915 3113 cognitam
1944 3037 2210 3095 habebat

459 3121 617 3179 Tam
660 3122 836 3194 bene,
874 3140 1053 3197 quam
1100 3130 1352 3179 matrem
1392 3129 1597 3179 nostra
1633 3121 1840 3197 puella
1885 3141 2078 3195 suam,

373 3208 452 3266 Et
499 3206 962 3279 circumsiliens,
1008 3208 1097 3264 uti
1134 3226 1209 3264 ne
1259 3227 1295 3264 a
1334 3207 1559 3283 gremio
1599 3205 1764 3265 illius
1816 3226 2080 3282 unquam

462 3290 735 3358 Cederet,
776 3292 859 3349 ad
903 3292 1099 3351 solam
1142 3292 1488 3369 pipilitabat
1532 3292 1758 3350 heram.

372 3379 456 3435 At
496 3396 657 3434 nunc
700 3377 747 3434 it
790 3396 901 3453 per
942 3378 1057 3434 iter
1100 3378 1336 3453 nigrum
1383 3378 1588 3448 miser,
1639 3378 1719 3433 ah
1765 3377 1972 3449 miser,
2011 3378 2142 3435 illic

456 3462 634 3522 Unde
672 3481 937 3537 unquam
970 3462 1253 3520 reducem
1296 3481 1470 3519 nemo
1513 3461 1730 3538 pedem
1773 3463 1990 3520 tetulit.

371 3547 470 3604 Ah
512 3547 688 3605 vobis
736 3548 894 3604 male
937 3547 1039 3620 sit,
1093 3547 1253 3605 male
1298 3566 1451 3623 quae
1501 3546 1705 3605 omnia
1747 3546 1911 3604 bella
1947 3549 2202 3620 voratis,
