2452 4186
1057 329 1182 390 279

638 492 877 570 Σώζεο,
921 496 1016 557 σοὶ
1059 494 1305 577 μέλλων
1353 494 1609 559 ἐνέπειν.
1845 501 2037 580 ζ(66)

217 581 498 640 Dicturus
545 582 676 654 tibi,
722 582 886 655 Vita,
926 583 1086 654 vale,
1134 602 1464 659 vocemque
1511 585 1752 643 citatam

294 668 626 739 Refraeno‚
664 686 874 726 rursus
919 669 1315 744 sustineoque
1360 669 1630 746 gradum.

215 752 410 827 thue
458 751 606 810 olim
657 752 832 829 niger
869 752 973 810 ille
1017 753 1148 811 dies
1191 754 1557 813 Acherontis
1600 756 1810 827 amari,

295 836 398 897 Sic
435 836 584 894 mihi
625 836 866 896 discidii
907 856 1129 897 caussa
1170 839 1441 897 timenda
1483 840 1570 897 tui
1619 847 1730 898 est.

214 922 428 981 Vultus
479 923 640 979 enim
683 928 821 980 tuus
868 931 963 981 est
1004 923 1113 980 lux
1160 924 1369 982 altera.
1409 925 1546 982 Lux
1588 934 1791 983 tamen
1835 923 2001 982 omni

292 1007 466 1066 Voce
512 1014 694 1064 caret.
741 1004 990 1079 Contra,
1041 1016 1104 1065 tu
1148 1009 1298 1067 mihi
1340 1011 1526 1068 verba
1565 1010 1757 1068 refers

213 1091 431 1150 Dulcia
473 1090 754 1151 Sirenum
797 1100 974 1150 cantu
1021 1094 1240 1171 magis,
1288 1115 1320 1153 e
1370 1095 1585 1169 quibus
1633 1096 1831 1153 omnis

292 1176 574 1235 Pendula
617 1195 762 1253 spes
809 1178 1048 1235 animae
1101 1186 1338 1254 statque
1384 1180 1658 1254 caditque
1701 1198 1893 1237 meae.

723 1338 868 1426 Εἰμὶ
914 1343 1023 1426 μὲν
1069 1343 1143 1406 οὐ
1188 1343 1520 1426 φιλόοινος.
1848 1346 2037 1425 ζ(67)

214 1428 352 1488 Non
396 1449 531 1488 sum
573 1430 858 1489 vinosus:
900 1427 1023 1489 vin’
1070 1450 1168 1489 me
1214 1431 1522 1508 deponere
1560 1432 1738 1490 vino?

295 1514 456 1588 Hac,
503 1515 557 1573 si
600 1522 665 1573 tu
709 1514 865 1575 libes
912 1516 1151 1592 pocula,
1204 1516 1342 1593 lege
1387 1517 1609 1574 bibam.

213 1600 492 1660 Admoris
536 1608 638 1657 tua
675 1599 868 1674 labra,
913 1602 1175 1676 nequibo
1226 1601 1462 1660 sobrius
1504 1621 1674 1661 esse·

295 1683 432 1744 Nec
476 1684 571 1742 fas
617 1693 842 1743 temeto
883 1704 1070 1761 posse
1117 1705 1322 1744 carere
1368 1687 1532 1745 mihi.

213 1770 373 1829 Nam
408 1770 773 1829 transmissa
813 1771 934 1831 tuis
980 1771 1055 1828 ad
1099 1791 1196 1829 me
1236 1772 1354 1831 fert
1405 1773 1616 1830 suavia
1657 1772 1846 1863 labris

292 1856 409 1913 Ille
454 1855 635 1928 calix,
677 1874 934 1915 narrans
981 1856 1143 1914 dona
1190 1858 1456 1933 superba
1503 1876 1631 1915 sua.

720 2018 980 2105 Μήποτε
1020 2020 1208 2107 λύχνε
1255 2021 1510 2105 μύκητα.
1847 2024 2037 2102 ζ(68)

211 2107 306 2167 Ne
348 2108 486 2184 quis
529 2118 845 2169 concretus
888 2111 997 2168 tibi
1040 2111 1264 2188 fungus
1312 2118 1601 2169 convocet
1638 2111 1893 2171 imbres:

289 2193 403 2250 Vir
436 2194 629 2251 venit:
676 2195 813 2252 huic
856 2196 1058 2254 nullas
1107 2205 1303 2269 necte,
1344 2196 1610 2265 lucerna,
1643 2215 1868 2256 moras.

211 2277 400 2336 Nulla
437 2279 612 2338 faves
659 2279 902 2338 Veneri.
954 2280 1117 2338 Nam
1168 2300 1302 2337 cum
1348 2280 1695 2337 condixerat
1734 2281 1901 2339 Hero

290 2363 577 2422 Leandro
624 2398 700 2407 —
756 2365 855 2436 ah,
909 2366 1129 2437 anime,
1178 2371 1420 2422 caetera
1462 2383 1641 2439 parce
1682 2365 1868 2439 loqui.

208 2447 482 2506 Vulcano
533 2450 745 2507 servis.
781 2449 964 2522 Hinc,
1011 2469 1086 2505 ne
1131 2448 1474 2507 adverseris
1516 2449 1692 2506 herili

291 2531 513 2605 Curae,
559 2542 623 2591 tu
663 2534 890 2592 Veneri
934 2552 1177 2610 semper
1216 2534 1430 2608 iniqua
1472 2552 1704 2591 manes.

762 2697 839 2762 Τί
877 2698 1222 2784 στενάχειςς
1273 2698 1492 2783 φιλέω.
1846 2702 2036 2780 ζ(69)

210 2787 325 2846 Dic
358 2787 636 2865 agedum,
666 2788 810 2864 quid
834 2787 1152 2865 suspiras?
1177 2790 1356 2846 Amo.
1388 2784 1701 2859 Quamne?
1738 2786 2035 2847 Puellam.

289 2872 667 2931 Pulchram?
718 2873 984 2931 Pulchra
1024 2873 1216 2932 oculis
1259 2880 1355 2931 est
1397 2891 1470 2934 ea
1504 2872 1639 2930 visa
1673 2873 1845 2931 meiS.

209 2962 325 3016 Ast
366 2959 472 3015 ubi
517 2958 654 3017 visa
696 2959 808 3017 tibi
844 2958 976 3018 est?
1018 2958 1116 3016 Ad
1155 2976 1408 3017 coenam
1447 2959 1609 3016 forte
1654 2966 1898 3016 vocatus

291 3042 455 3114 Vidi,
496 3062 878 3101 communem
919 3052 1229 3118 presserat
1267 3042 1376 3099 illa
1417 3050 1638 3102 torum.

212 3123 368 3202 Spes
418 3134 512 3186 est
549 3147 735 3204 posse
777 3129 934 3185 frui?
980 3126 1163 3204 Spes,
1207 3135 1243 3184 o
1286 3129 1460 3186 bone.
1506 3126 1786 3201 Denique
1831 3134 2038 3202 aperte

291 3210 432 3270 Non
477 3230 628 3270 amo·
674 3213 954 3271 Furtivas
996 3232 1187 3270 venor
1224 3212 1540 3270 amicitias.

118 3349 119 3354 ,
210 3294 547 3373 Legitimos
587 3298 882 3356 thalamos
922 3297 1081 3374 fugis
1122 3297 1311 3373 ergo?
1354 3297 1519 3355 Vera
1538 3295 1784 3371 putasti.

295 3381 478 3456 Quod
521 3399 659 3440 sors
701 3382 840 3439 huic
884 3400 1108 3459 parvas
1151 3397 1370 3456 nempe
1411 3380 1659 3456 reliquit
1697 3379 1892 3457 opes?

215 3464 412 3524 Omne
438 3473 634 3524 tenes.
665 3466 856 3545 Igitur
877 3486 990 3525 nec
1021 3484 1188 3525 amas
1206 3465 1404 3523 bene?
1437 3464 2037 3539 Fallere.Nunquam

293 3551 488 3608 Recta
529 3560 753 3627 putans
797 3552 1034 3610 animus
1081 3551 1466 3627 impatienter
1510 3559 1689 3609 amat.
