2452 4186
1245 283 1365 344 166

464 449 886 535 πτυρομένους
929 448 1193 532 ταύρους
1235 450 1338 512 καὶ
1385 446 1538 534 βοτὰ
1585 445 1908 531 δειμαλέα,
2032 497 2039 504 .

382 530 604 600 τόσσον
646 534 710 596 ἐν
749 532 1057 617 Ἀυσρνίῳ
1114 534 1367 620 μύκημα
1411 532 1643 617 φρύαξε
1690 531 1933 615 θεάτρῳ

471 619 624 704 ἄρτι.
658 619 767 687 Τίς
813 617 927 681 οὐκ
974 617 1201 701 ἀγέλην
1247 616 1396 704 ᾤετ’
1437 616 1545 694 ἄν;
1601 617 1689 684 εἷς
1726 614 1912 699 μόνος
1944 614 2044 699 ἦν,

385 703 458 767 οὔ
495 726 597 767 κεν
627 703 1006 786 ἀνακτορίην
1058 701 1235 765 αὐτοὶ
1277 701 1603 788 φοβέοιντο
1647 699 1892 767 λέοντες

472 785 524 874 ᾧ
573 810 674 850 κεν
725 784 925 851 ἔδωκε
966 788 1189 870 κράτος
1234 786 1684 871 μαρμαρόεσσα
1728 782 1965 866 Νομάς.

384 872 905 976 οῗηωέπαυχενίης
939 873 1147 977 τριχὸς
1186 870 1264 955 ἧν
1303 873 1510 978 χάριςῐ
1561 870 1694 933 οἷον
1742 867 1965 953 ἔχευσε

386 952 1976 1130 οἷοτκηςένὶὶίατῗιτληοῗτέ’ίὸ.τστεῗξιξιῗιν,χᾶιλεεόᾶτέοοιΐᾶἕῖαῗέὲξςι

481 1123 778 1209 ἔπρεπενῐ
827 1124 929 1186 οἷα
976 1123 1183 1186 θανὼν
1234 1126 1363 1187 οἷον
1409 1122 1607 1207 ἔγειρε
1652 1122 1907 1205 κρότονῐ

385 1211 490 1273 καὶ
530 1208 723 1272 πόθεν
773 1209 899 1271 ἐστὶ
939 1211 1121 1284 τεοῖς,
1162 1207 1384 1293 Λιβύη,
1441 1208 1621 1272 τόσον
1667 1207 1885 1270 ἄλσεσι
1926 1206 2151 1281 κῦδος;
2194 1263 2201 1264 ⁷

475 1298 604 1378 μῶν
659 1294 890 1357 λασίων
933 1292 1228 1378 Κυβέλης
1271 1293 1464 1377 ἦλθεν
1512 1294 1634 1356 ἀπὸ
1686 1290 2045 1366 σκοπέλων;

382 1377 461 1463 ἠέ
511 1402 609 1441 σοι
639 1376 998 1461 “Ηρακλῆος
1039 1375 1144 1440 ἄπ’
1198 1377 1450 1461 ἄστρου,
1494 1380 1768 1459 Καῖσαρ,
1816 1373 2099 1459 ἔπεμψαν

469 1466 634 1526 τοῖον
677 1462 843 1545 θῆρα
886 1462 1110 1545 πατὴρ,
1152 1463 1192 1545 ἢ
1240 1462 1414 1530 κάσις
1460 1461 1836 1546 οὐρανόθεν;

321 1695 324 1696 ⁷
391 1634 444 1706 1,
464 1634 564 1693 48.
613 1629 972 1713 Θηροκόμοι
1000 1630 1220 1691 τούτου
1261 1629 1564 1713 στόματος
1596 1629 1859 1712 ταύρους
1888 1628 2234 1713 ἐριμύκους

475 1715 549 1778 οὐ
593 1714 877 1797 ῥύσαντο,
918 1713 999 1775 δί’
1052 1712 1124 1774 οὔ
1174 1713 1401 1800 ῥέμβος
1438 1713 1563 1798 ἵησι
1612 1714 1834 1795 λαγώς.

386 1799 578 1883 ὅσπερ
629 1799 750 1873 ἀεὶ,
787 1796 947 1880 μέγα
971 1796 1207 1879 θαῦμα,
1242 1797 1558 1882 θοώτερος
1582 1797 1790 1861 ἔσσυτ’
1821 1799 1922 1861 ἀπ’
1958 1796 2231 1882 ἐχθροῦ,

473 1883 655 1947 οὐδὲν
703 1882 1089 1965 ἐπαυρίσκων
1134 1882 1328 1965 ἤθεος
1370 1882 1673 1966 εὐγενέος.

389 1966 462 2031 οὐ
509 1965 789 2050 τροχόων
835 1966 1130 2028 σταδίοισι
1176 1970 1488 2052 σαώτερος
1533 1966 1659 2030 ἔστ’
1711 1966 1773 2027 ἐν
1819 1966 2093 2051 ἐρήμοις.

477 2052 550 2117 οὔ
602 2073 697 2135 μιν
742 2050 816 2133 ἐὴ
862 2053 1089 2118 πιστῶς
1135 2052 1261 2114 ὧδε
1299 2052 1590 2116 κέκευθεν
1646 2050 1787 2133 ὀπή.

388 2138 445 2200 εἰ
488 2138 557 2200 τὸ
604 2140 825 2208 κυνῶν,
872 2135 1043 2217 λαγὲ,
1087 2136 1292 2218 δῆγμα
1333 2137 1678 2200 διωκόντων
1724 2136 2030 2200 ἀλέασθαι

472 2221 633 2305 δίζῃ,
677 2219 1057 2304 προσφύγιον
1102 2222 1320 2306 χάσμα
1364 2221 1614 2290 λέοντος
1662 2218 1846 2304 ἔχεις.

392 2393 445 2467 ¹,
466 2395 561 2454 14.
608 2393 930 2476 τερπωλὴν
973 2391 1208 2476 ἴδομεν,
1240 2395 1514 2474 Καῖσαρ,
1541 2393 1645 2454 καὶ
1682 2394 1921 2474 παῖγμα
1949 2389 2231 2455 λεόντων

474 2476 619 2561 Ξψια
664 2477 759 2538 σοὶ
796 2477 1060 2562 παρέχει
1099 2483 1241 2540 τοῖα
1283 2476 1664 2559 κυνηγέσιον,

391 2559 519 2624 εὖτ’
571 2561 692 2623 ἀπὸ
746 2563 1070 2646 μειλιχίοιο
1115 2564 1323 2645 λαγὼς
1361 2563 1542 2623 πάλιν
1590 2559 1794 2623 ἔσσυτ’
1841 2559 2116 2641 ὀδόντος,

470 2646 574 2708 καὶ
610 2645 825 2729 τρέχεν
870 2647 1209 2730 οἰγομένων
1257 2645 1402 2709 αὖθι
1441 2644 1541 2708 διὰ
1572 2645 1908 2727 στομάτων.

386 2731 492 2793 καὶ
534 2728 728 2792 πόθεν
776 2732 1128 2816 αἱμοχαρὴς
1179 2731 1370 2814 ἄγρης
1416 2729 1743 2813 φείδεσθαι
1784 2729 2033 2811 ἑτοίμης

466 2813 589 2897 θὴρ
640 2814 922 2907 δύναταις
973 2818 1092 2892 ναὶ,
1141 2814 1290 2884 ἄναΕ
1342 2816 1480 2893 (σὸς
1522 2813 1637 2897 γὰρ
1679 2812 1828 2896 ἔφυ)
1876 2813 2157 2876 δύναται.

391 2986 443 3058 1,
460 2986 562 3045 22.
597 2982 817 3058 ,Τι’πτε,
838 2985 1011 3046 σκαιὲ
1031 2985 1257 3065 λαγὼς,
1280 2981 1526 3066 φεύγεις
1543 2980 1741 3065 στόμα
1755 2981 1918 3065 πρηό
1936 2980 2233 3059 λέοντος;

472 3066 639 3151 θῆρα
685 3070 1068 3130 κατακλᾶσαι
1115 3066 1400 3152 τοσσίχον
1450 3066 1565 3129 οὐκ
1611 3065 1785 3149 ἐδάη.

379 3156 659 3213 τοιαῦται
708 3154 997 3234 μεγάλοις
1036 3152 1397 3215 ἀνακείαται
1440 3150 1659 3236 αὐχέσ’
1700 3150 1957 3213 ἀκωκαί.

473 3234 733 3317 αἵματος
775 3235 847 3299 οὐ
897 3238 1068 3299 λιτοῦ
1111 3238 1388 3321 γλίχεται
1429 3237 1543 3319 ἥδε
1590 3233 1784 3316 γένυς.

381 3324 585 3404 κῢρμα
622 3325 820 3383 κυνῶν
865 3321 1028 3390 πτὼξ
1077 3319 1228 3396 ἔστ’,
1279 3320 1412 3383 οὐδ’
1457 3321 1638 3404 ἀρκεῖ
1674 3320 1947 3404 χάσματι
1989 3321 2228 3405 λευρῷ.

364 3424 369 3431 ·
469 3403 583 3467 οὐκ
626 3403 696 3466 ἂν
743 3410 888 3474 παῖς
937 3405 1105 3474 Δᾶος
1138 3405 1466 3489 Καίσαρος
1521 3402 1684 3467 ὅπλα
1728 3402 1958 3486 τρέσαι.
