2452 4186
1170 299 1251 357 24

307 471 532 529 Bidens
577 469 790 539 amica,
839 477 1016 525 nocte
1066 470 1342 545 pantices
1385 468 1655 527 solvens.

306 559 388 615 At
428 573 563 613 cum
609 553 960 629 coquendae
1009 561 1249 631 tempus
1298 553 1531 630 appetit
1574 571 1824 625 coenae,

307 641 392 700 Ut
440 647 787 697 exstruatur
830 637 1033 714 lignea
1074 640 1250 697 focus
1303 639 1509 710 caede,

310 725 492 801 (Quis
539 743 681 800 ergo
731 723 974 780 damnet
1010 732 1091 796 te,
1139 724 1416 800 Lycurge
1432 724 1488 799 ἲ)
1538 723 1913 781 Moncaudus

308 809 674 869 Excodicari
717 808 958 865 vineam
1001 809 1187 880 iubet,
1236 810 1389 866 vites

314 895 545 955 Caesas
592 893 798 952 voraci
840 893 941 950 dat
983 894 1305 970 benignius
1348 895 1658 951 flammae:

308 982 389 1040 Et
433 979 537 1055 qui
582 996 694 1037 suo
736 996 976 1035 crevere
1022 979 1246 1037 Libero
1291 979 1506 1050 trunci,

313 1065 513 1124 Ceteri
557 1063 723 1120 iubet
765 1063 966 1139 perire
1009 1064 1214 1122 Liberi
1256 1072 1445 1121 vates.

310 1150 452 1208 Non
496 1149 618 1206 alia
649 1167 882 1220 mensa,
922 1167 1102 1222 quam
1146 1148 1243 1207 vel
1287 1149 1465 1206 unius
1519 1155 1724 1206 custos

310 1235 564 1293 Pluteus
608 1234 846 1309 papyri,
893 1234 990 1290 vel
1037 1235 1216 1291 duum
1263 1232 1620 1291 libellorum.

312 1322 516 1392 Abax,
563 1327 623 1375 et
662 1318 822 1375 idem
868 1326 961 1376 est
986 1320 1249 1394 pluteus.
1293 1319 1431 1375 huic
1454 1336 1617 1393 penu
1647 1318 1834 1394 longo
1914 1362 1921 1369 .

316 1404 464 1463 Non
503 1405 871 1480 integrarum
912 1404 1116 1462 fictilis
1163 1403 1524 1480 patellarum

313 1493 494 1549 Astat
537 1488 842 1564 supellex:
896 1496 1097 1548 curtus
1143 1507 1395 1547 urceus:
1439 1486 1631 1562 pelvis

314 1575 613 1633 Dimidia:
656 1582 835 1648 rupto
882 1572 1074 1630 latere
1119 1574 1311 1632 futilis
1360 1580 1597 1650 guttus3

317 1660 644 1732 Triumque
691 1657 997 1731 quondam
1043 1659 1356 1716 nasiterna
1397 1675 1715 1714 nasorum:

318 1743 452 1801 Nec
494 1763 619 1800 non
663 1741 911 1798 matella
960 1760 1093 1798 cum
1143 1761 1357 1801 sorore
1406 1749 1687 1814 craterra,

277 1859 284 1866 ·
320 1827 628 1905 (Namque
666 1827 818 1883 haec
861 1826 1089 1885 bibenti
1135 1829 1340 1900 servit,
1385 1827 1492 1884 illa
1540 1826 1838 1900 meienti.)

316 1913 479 1973 Huic
521 1930 676 1970 ansa
722 1911 924 1987 periit,
968 1912 1077 1969 illa
1121 1933 1246 1971 non
1294 1914 1476 1970 habet
1518 1912 1795 1970 limbum:

318 1998 575 2073 Aquale,
618 1997 834 2069 fu-tum,
868 1997 1080 2069 trulla,
1122 1998 1418 2074 pollulum
1454 1997 1711 2056 labrum.

320 2089 401 2143 At
440 2085 503 2141 in
541 2081 827 2159 quasillo,
873 2083 977 2157 qui
1016 2083 1306 2159 pependit
1344 2099 1376 2141 e
1418 2083 1603 2160 tigno,

323 2168 578 2231 Semesa
618 2187 831 2244 perna,
880 2170 1161 2243 caseique
1203 2170 1535 2241 buccellae,

317 2254 686 2314 Examinum
731 2263 863 2309 atra
907 2254 1369 2311 verminantium
1409 2253 1587 2311 cella.

319 2341 400 2398 Et
442 2340 505 2396 in
555 2338 801 2407 tabella,
846 2339 1248 2414 proximoque
1291 2339 1545 2415 paxillo,
1609 2409 1612 2412 Δ

320 2423 611 2483 Frustilla
652 2422 931 2498 pridiana
978 2424 1176 2483 carnis
1223 2426 1534 2495 ambesae,

321 2510 623 2567 Analecta
659 2527 825 2579 rosa,
871 2517 930 2565 et
977 2508 1102 2566 olla
1141 2511 1289 2568 iuris
1342 2507 1631 2578 hesterni,

322 2595 762 2652 Lucanicorum
807 2593 1066 2652 circulus
1112 2596 1500 2665 botellorum,

322 2679 437 2736 Vel
467 2680 613 2737 lanx
660 2678 879 2749 omasi,
934 2679 1031 2735 vel
1073 2679 1307 2737 catinus
1354 2679 1662 2735 hillarum:

326 2764 520 2838 Quae,
559 2764 876 2840 pridianae
919 2783 1052 2820 cum
1096 2764 1378 2840 poeticen
1425 2765 1638 2821 Musae

320 2848 680 2920 Destertuit,
725 2847 982 2906 conviva
1029 2857 1311 2907 strenuus
1354 2847 1546 2925 glutit.

326 2933 617 3011 Capsella
664 2935 895 2992 subtus.
942 2935 1055 2990 hac
1099 2939 1353 3010 reposta
1400 2941 1675 2991 servatur

323 3020 704 3078 Poeticorufn
758 3019 1064 3095 synthesis
1107 3018 1484 3088 libellorum3

327 3103 600 3177 Servata,
641 3124 753 3162 nec
803 3112 1063 3176 servata,
1110 3104 1392 3178 quatinus
1439 3121 1679 3178 semper

325 3189 445 3247 Illa
487 3189 769 3265 inquilini
813 3189 1041 3264 scripta
1083 3197 1400 3264 permeant
1445 3206 1676 3257 mures:

328 3274 564 3350 Quibus
610 3276 795 3332 refert
838 3275 1214 3333 Moncaudus
1254 3293 1409 3332 unus
1457 3281 1789 3347 acceptum,

329 3360 511 3434 Quod
553 3359 800 3436 scripsit
835 3359 959 3417 illis
1013 3358 1137 3432 illa,
1187 3381 1312 3418 non
1365 3358 1479 3417 sibi
1521 3365 1773 3414 tantum:

326 3444 566 3502 Deinde
604 3444 962 3520 ploxenum,
1009 3454 1069 3502 et
1108 3444 1437 3504 forensium
1473 3451 1681 3501 custos
1718 3470 1727 3482 ·

332 3529 725 3589 Liticularum
772 3529 976 3608 bulga,
1023 3549 1172 3605 quas
1216 3530 1276 3587 e't
1318 3529 1371 3588 is
1418 3548 1555 3587 raro
