2452 4186
1030 315 1163 375 263

745 480 950 558 Αἰετὲ,
991 480 1156 543 τίπτε
1193 479 1478 567 βέβηκας.
1884 487 2021 566 γ32

202 567 375 629 Cuius
421 587 536 647 age
574 568 792 627 insidis
841 570 1072 627 tumulo
1121 570 1338 646 regina
1376 568 1689 627 volantum
1713 570 1741 627 ἲ

275 653 467 714 Curve
512 653 716 712 Deum
760 662 1070 713 aeternam
1116 655 1383 730 suspicis
1430 662 1595 713 astra
1636 655 1926 713 domum?

196 738 420 799 Umbra
461 738 745 798 Platonis
800 759 941 817 ego:
989 740 1145 798 caeli
1184 741 1284 796 hic
1328 739 1404 796 ad
1445 740 1674 816 templa
1714 740 1974 799 volavitz

278 825 612 883 Terrenum
651 825 833 884 tellus
878 825 1085 885 Attica
1129 842 1353 900 corpus
1402 825 1604 883 habet.

677 987 802 1051 Καὶ
841 995 995 1061 πῶς,
1042 991 1096 1053 εἰ
1143 991 1226 1072 μὴ
1281 990 1534 1075 Φοῖβος.
1884 996 2020 1072 γ32

202 1077 278 1136 Ni
314 1078 495 1137 Plato
542 1078 617 1135 de
656 1078 904 1136 Phoebo
951 1078 1206 1138 Graecis
1256 1079 1415 1136 foret
1461 1080 1679 1152 editus,
1721 1081 1925 1154 ecquis

279 1161 392 1236 Qui
437 1164 681 1222 morbos
722 1165 941 1223 animis
985 1173 1113 1222 arte
1156 1163 1409 1235 levaret,
1453 1164 1619 1221 erat?

204 1246 352 1305 Nam
395 1248 583 1306 veluti
623 1250 862 1308 morbos
911 1255 1080 1308 satus
1128 1249 1241 1305 hoe
1284 1249 1646 1324 Aesclapius
1693 1268 1906 1308 omnes

280 1331 653 1411 Corporeos‚
697 1334 938 1392 animae
979 1335 1068 1393 sic
1112 1333 1277 1391 levat
1320 1334 1455 1409 ipse
1499 1333 1693 1391 Plato.

707 1499 944 1583 Φοῖβος
989 1497 1183 1581 ἔφυσε
1237 1498 1493 1582 βροτοῖς.
1883 1504 2019 1581 γ32

207 1584 309 1644 Est
348 1587 525 1646 Plato
571 1588 647 1646 de
668 1589 916 1647 Phoebo
961 1596 1153 1660 satus,
1205 1595 1301 1645 est
1335 1585 1722 1662 Aesclapius,
1768 1589 1976 1647 ambo=

285 1671 398 1730 Hie
444 1673 634 1730 animi
680 1681 747 1731 ut
787 1673 1082 1745 medicus,
1126 1671 1397 1748 eorporis
1442 1671 1548 1728 ille
1588 1673 1766 1730 foret.

211 1753 570 1816 Connubiale
613 1759 857 1835 epulum
901 1759 1217 1817 celebrans
1265 1758 1546 1833 migravit
1589 1756 1650 1813 in
1696 1759 1926 1830 urbem,

284 1841 473 1916 Quam
517 1844 687 1903 Iovis
732 1845 796 1900 in
839 1844 1040 1920 patria
1086 1842 1351 1900 condidit
1392 1841 1529 1918 ipse
1581 1841 1716 1901 sibi.

707 2006 933 2091 Θαῦμα
977 2008 1196 2092 τέχνης
1242 2007 1492 2091 ταύρου.
1927 2007 2021 2069 δ8

205 2097 358 2156 Artis
402 2117 560 2174 opus
603 2101 793 2156 mirae
841 2099 1079 2175 species
1127 2099 1406 2175 taurique
1452 2097 1718 2174 virique3

279 2182 386 2240 Vir
422 2190 683 2256 taurum,
723 2184 981 2243 tendens
1023 2186 1296 2242 membra
1335 2183 1568 2256 labore,
1611 2182 1852 2259 premit,

206 2264 428 2326 Inflexa
465 2270 723 2340 cervice,
770 2287 1071 2343 manuque
1111 2269 1377 2327 obnixus
1419 2277 1703 2342 utraque3

280 2351 413 2410 Hae
456 2372 661 2425 nares,
703 2353 812 2411 illa
852 2372 1077 2412 cornua
1115 2370 1334 2427 pressa
1376 2359 1560 2410 tenet.

206 2434 438 2514 Iamque
477 2438 664 2514 pedes
713 2438 1016 2496 labefecit.
1060 2442 1143 2495 At
1181 2438 1333 2494 haee
1374 2437 1435 2492 vi
1478 2438 1638 2493 vieta
1668 2436 1982 2493 domantur

280 2520 567 2599 Sublapsi
605 2531 769 2582 retro
811 2524 975 2582 colla
1016 2523 1237 2598 supina
1277 2521 1412 2579 feri.

209 2603 438 2683 Siquid
480 2608 836 2667 coniicimus
883 2609 1080 2683 (tanta
1121 2616 1216 2666 est
1263 2607 1357 2664 vis
1401 2606 1579 2682 artis)
1625 2606 1880 2664 anhelus

278 2693 387 2750 vir·
434 2693 652 2752 sudore
697 2694 849 2765 fluit,
897 2694 1092 2770 spirat
1135 2693 1198 2750 in
1246 2710 1389 2749 aere
1427 2692 1575 2749 fera.

725 2856 882 2941 Χείρ
929 2880 1004 2940 με
1052 2855 1492 2921 Πολυκλείτου.
1924 2856 2021 2918 ὃ8

207 2940 558 3005 Salmoneus
587 2966 704 3024 ego
726 2947 1257 3022 sum,Polycletae
1287 2964 1468 3021 opus.
1495 2942 1599 3002 ille
1631 2964 1746 3022 ego
1767 2963 2021 3022 magnus

279 3029 659 3104 Salmoneus,
702 3032 843 3089 telis
894 3033 996 3105 qui
1034 3032 1200 3089 Iovis
1251 3030 1587 3106 obstrepui,

204 3110 426 3175 Rursus
479 3117 639 3192 apud
682 3134 893 3174 manes
938 3134 1152 3173 vexor.
1186 3123 1530 3189 mutamque
1563 3132 1817 3191 perosus

275 3199 576 3274 Formam,
617 3202 905 3259 fulmineo
946 3200 1199 3258 caelitus
1242 3200 1380 3276 igne
1423 3199 1595 3276 petit.

204 3279 383 3344 Parce
427 3286 671 3359 animis,
715 3286 945 3344 fulmen
991 3303 1198 3360 preme
1231 3285 1525 3361 Iuppiter,
1573 3303 1651 3341 en
1689 3302 1799 3361 ego
1840 3283 2025 3342 inane

282 3368 555 3447 Signum,
602 3390 735 3429 eum
781 3379 948 3429 muto
994 3370 1158 3428 bella
1200 3369 1345 3443 quid
1386 3388 1525 3427 aere
1570 3370 1773 3447 geris?
