2452 4186
1090 340 1208 399 391

492 508 822 585 Ambiquae
852 510 1157 586 Biqenerie
1197 511 1477 586 suffimen,
1522 521 1774 569 etur-aea.
1982 511 2059 571 41

236 591 590 650 Accinctum
631 594 828 652 ferula
869 602 929 652 te
971 594 1190 672 legifer
1234 596 1431 672 incalo
1466 593 1712 669 Brume,

237 679 565 735 Aeternum
606 679 811 756 magni
852 699 1075 737 numen
1112 679 1502 738 memorabile
1547 678 1758 754 Consi,

235 760 421 830 Pura,
468 781 661 837 sacer,
708 764 977 840 bigener,
1017 765 1258 842 Regina
1304 765 1550 837 indicta,
1595 766 1826 843 virago,

234 847 372 905 Mas
419 848 653 921 eadem,
696 850 1027 924 mulierque
1072 850 1444 923 bimembriS,
1487 849 1733 923 Libera,
1771 850 2018 910 Bruma.

235 929 382 991 Sive
426 932 491 990 in
530 934 842 992 Eleusinis
881 934 1106 1011 templo
1147 935 1398 995 laetaris
1448 935 1655 1006 odoro,

238 1014 382 1075 Sive
433 1017 614 1075 etiam
656 1019 721 1075 in
759 1019 988 1097 Frugia
1030 1038 1163 1077 cum
1210 1028 1401 1078 matre
1443 1038 1667 1078 arcana
1706 1014 1823 1097 agi'
1868 1039 2065 1093 sacra,

238 1098 381 1160 Sive
427 1102 606 1160 etiam
650 1104 713 1161 in
759 1102 962 1179 Cupro
1011 1105 1182 1181 degis
1234 1124 1368 1163 cum
1412 1105 1633 1163 Murtia
1672 1125 1949 1165 amoena.

236 1185 354 1244 Vel
400 1186 455 1244 si
492 1187 797 1264 frugiferis
841 1190 1147 1265 persultas
1193 1190 1418 1264 pabula
1464 1191 1716 1265 campis,

239 1268 567 1348 Cornigera
611 1292 742 1330 cum
786 1281 976 1332 matre
1019 1282 1125 1331 tua
1161 1274 1333 1333 Deus
1367 1275 1539 1333 'Iside
1582 1283 1811 1348 sancta,

239 1353 511 1430 Cumque
558 1358 718 1416 assis
764 1358 1127 1432 famulabus,
1174 1360 1251 1416 ad
1297 1360 1458 1417 alma
1495 1361 1722 1418 fluenta
1767 1360 2064 1419 Melonis:

238 1439 424 1499 Adsis
473 1441 614 1500 diva
652 1443 866 1502 favens
912 1446 989 1502 ob
1036 1464 1234 1502 rerum
1279 1445 1547 1519 praemia
1592 1453 1819 1503 sancta.

613 1613 1044 1687 Temperiarum
1086 1615 1367 1687 suffimen,
1416 1624 1700 1672 aromata.
1985 1614 2062 1673 42

239 1693 621 1770 Temperiae,
661 1696 829 1755 Iovis
878 1705 938 1755 et
975 1697 1182 1755 Iuritis
1225 1706 1436 1755 sancta
1471 1718 1791 1776 propageS,

238 1781 441 1836 Aurea
480 1780 602 1852 lex,
644 1789 703 1838 et
744 1783 865 1855 fas,
915 1789 974 1840 et
1015 1801 1140 1858 pax
1186 1781 1485 1841 ditissima
1519 1801 1738 1855 rerum,

237 1863 500 1937 Vernae,
544 1867 913 1942 gramineae,
955 1886 1262 1943 puraeque
1306 1875 1366 1924 et
1406 1868 1871 1940 multivirentes,

239 1948 693 2023 OmnicoloreS,
741 1952 1208 2010 suavehalantes
1257 1952 1470 2027 spiritu
1515 1972 1795 2026 amoene,

240 2033 602 2110 Temperiae
644 2036 894 2110 virides,
939 2044 1269 2110 vortentes,
1315 2044 1374 2095 et
1417 2038 1763 2114 speciosae:

235 2119 446 2179 Pallas
490 2121 736 2179 indutae
790 2124 969 2181 sertis
1018 2123 1383 2199 pubentibus
1431 2133 1623 2200 aptas,

240 2202 591 2283 Congerrae
621 2206 1052 2283 Proserpinae,
1110 2209 1214 2265 ubi
1260 2228 1391 2265 eam
1436 2205 1795 2268 solemnibu'
1837 2208 2068 2266 Parcae

236 2288 555 2350 Staticulis
595 2291 717 2349 luci
760 2301 1043 2350 revocant
1089 2299 1147 2349 et
1193 2291 1445 2350 Gratiae
1490 2301 1763 2351 ovantes.

234 2373 482 2435 Diiovis
518 2377 809 2452 imperiis,
862 2385 919 2434 et
954 2376 1169 2435 Matris
1214 2376 1639 2451 opiconsivae3

237 2460 378 2519 Huc
415 2462 594 2520 mites
637 2462 712 2518 ad
757 2480 932 2519 sacra
970 2463 1074 2537 pia
1113 2460 1454 2519 instaurata
1496 2462 1721 2533 venite,

235 2546 550 2605 Ducentes
594 2547 895 2605 foecunda
941 2547 1343 2624 propagmina
1371 2553 1813 2622 tempestatum.

726 2717 986 2775 Semelae
1024 2719 1305 2793 suffimen,
1351 2727 1606 2775 sturaca.
1987 2714 2065 2772 43

239 2799 437 2857 Elicio
482 2817 730 2874 pusam,·
768 2810 1121 2880 prognatam
1164 2803 1437 2879 principe
1483 2799 1737 2872 CadmO,

237 2884 587 2943 Formosam
631 2884 958 2961 Semelam,
1003 2888 1363 2960 cincinnam,
1403 2887 1881 2960 vestifluamque,

239 2969 320 3027 Et
363 2977 617 3027 matrem
659 2970 868 3028 Brumi
907 2972 1233 3045 laetabilis,
1283 2980 1344 3029 et
1381 2972 1642 3029 ferulati.

237 3054 520 3112 Fulmine
565 3073 720 3129 quae
766 3074 937 3114 sacro
981 3058 1209 3114 foetum
1252 3064 1673 3114 exterraneum
1718 3053 1939 3131 abegit,

238 3140 527 3199 Aeternis
571 3139 725 3199 Iovi'
772 3142 1064 3200 consultis
1113 3143 1295 3199 enixa
1337 3142 1571 3219 puella:

243 3224 436 3298 Quam
483 3225 730 3302 dignata
777 3226 946 3303 gravi
992 3235 1088 3284 est
1131 3227 1358 3285 florens
1404 3226 1778 3301 Proserpina
1819 3225 2069 3295 honore,

239 3311 410 3368 Inter
452 3310 748 3369 mortales
797 3311 974 3368 trima
1018 3311 1097 3368 ad
1143 3310 1391 3369 comitia
1430 3311 1607 3370 festi:

243 3395 505 3471 Quando
553 3397 649 3453 tui
677 3394 890 3453 Brumi
929 3396 1199 3454 referunt
1244 3395 1570 3474 genitabile
1609 3411 1877 3470 germen,

241 3481 607 3540 Anclabram
656 3499 916 3555 sacram,
960 3489 1020 3538 et
1059 3499 1259 3538 rerum
1305 3481 1465 3538 haud
1500 3497 1723 3537 arcana
1745 3473 2067 3554 profunda.

244 3566 334 3625 Te
379 3565 519 3625 Dea
558 3566 803 3640 patritia
845 3569 1120 3625 obtestor
1165 3574 1300 3623 sata
1338 3566 1608 3642 principe
1670 3560 1924 3632 Cadmo,
