2452 4186
1135 283 1217 349 ⁵5

281 453 397 515 Sed
434 456 584 513 comi
623 474 744 512 non
786 455 880 513 fas
932 455 1150 514 alienis
1197 455 1458 514 cultibus
1506 456 1736 531 illud[,]

359 541 529 616 Quod
579 540 759 599 comit
797 539 1018 599 Pietas·
1057 540 1316 598 cultibus
1360 540 1502 617 ipsa
1539 542 1687 621 suis.

617 709 712 766 19.
798 711 875 766 In
912 711 1157 785 Eleqias
1209 708 1477 765 Danielis
1517 708 1762 768 Heinsii.
1832 749 1839 755 -

274 793 452 852 Peste
496 794 921 869 sophistarum,
971 794 1239 867 seclique
1283 793 1490 849 afflata
1527 812 1790 868 veneno,

352 878 660 937 Pieridum
702 879 965 937 invisam
1007 879 1184 936 turba
1218 877 1469 953 reliquit
1511 878 1776 938 humum.

274 962 350 1021 Et
387 964 500 1021 tibi
532 972 706 1041 grata
743 972 947 1022 tamen
996 964 1232 1040 coeptis
1280 962 1635 1037 audacibus,
1682 965 1927 1039 Heinsi,

351 1049 424 1107 In
465 1050 670 1107 media
708 1057 959 1126 surgunt
995 1049 1265 1107 carmina
1300 1049 1613 1107 barbaria:

276 1132 461 1208 Queis
509 1150 621 1193 sua
660 1141 997 1211 postponat
1033 1153 1209 1208 quem
1254 1133 1505 1210 protulit
1545 1133 1801 1194 Umbria
1839 1144 2043 1195 vates:

351 1219 430 1277 Et
470 1238 628 1293 quae
668 1218 959 1296 Pelignus
1003 1219 1231 1276 dixerit
1274 1236 1414 1277 esse
1461 1236 1604 1276 sua:

272 1302 405 1362 Non
452 1304 604 1362 secli
644 1304 795 1362 vitio
839 1303 1073 1380 primos
1120 1304 1412 1362 moritura
1455 1304 1567 1360 sub
1612 1311 1807 1376 ortuS,

351 1386 475 1448 Sed
517 1389 721 1447 doctas
757 1390 917 1446 inter
954 1389 1157 1446 vivere
1201 1397 1367 1445 certa
1410 1406 1647 1446 manus.

274 1472 511 1532 Gratior
549 1482 616 1531 ut
652 1474 911 1548 namque
953 1480 1048 1532 est
1091 1493 1272 1548 quam
1302 1491 1454 1549 quas
1480 1491 1586 1529 ver
1613 1473 1829 1530 educat
1855 1473 2099 1546 almum,

354 1559 529 1634 Quae
566 1560 767 1617 medio
812 1558 1077 1616 Brumae
1116 1558 1315 1617 sidere
1356 1565 1503 1616 nata
1545 1575 1688 1616 rosa
1725 1565 1846 1616 est:

276 1641 372 1703 Sic
417 1644 617 1721 magis
660 1645 757 1701 hic
797 1645 1023 1716 foetuS,
1069 1663 1248 1718 quam
1290 1661 1440 1719 quos
1482 1651 1656 1701 vetus
1696 1643 1881 1700 edidit
1908 1651 2101 1715 aetaS,

351 1729 656 1789 Virtutum
704 1730 815 1786 hoc
858 1729 1051 1788 sterili
1090 1738 1359 1805 tempore
1410 1736 1618 1804 gratus
1665 1728 1796 1789 erit.

590 1897 691 1955 20.
772 1899 849 1954 In
888 1897 1168 1954 Poemata
1208 1898 1505 1954 Dominici
1545 1897 1789 1953 Raudii.

276 1981 340 2044 Si
384 2002 542 2059 quos
586 1989 682 2041 est
728 1982 891 2053 olim,
935 1980 1153 2054 Baudi,
1201 1982 1420 2039 mirata.
1461 1987 1737 2039 vetustas

352 2068 655 2128 Dulcibus
698 2067 1023 2144 implentes
1071 2067 1251 2126 docta
1280 2067 1518 2125 theatra
1555 2066 1774 2138 modis,

272 2154 501 2214 Emissi
543 2153 811 2212 tenebris
857 2160 998 2229 post
1036 2152 1245 2210 secula
1288 2152 1478 2211 multa
1522 2159 1739 2228 poetae

352 2240 556 2316 Elysii
605 2238 881 2313 linquant
923 2236 1149 2296 blanda
1191 2239 1387 2295 vireta
1426 2237 1559 2308 soli,

272 2324 630 2402 Ingeniique
674 2323 761 2380 tui
803 2322 1010 2381 felicia
1050 2324 1315 2400 pignora
1360 2331 1603 2382 sumant

353 2410 617 2481 Versus,
660 2427 810 2484 quos
856 2406 1034 2464 hilari
1070 2428 1194 2466 non
1237 2408 1359 2466 nisi
1396 2409 1590 2465 fronte
1628 2406 1861 2484 legent-z

275 2492 409 2558 Hos
449 2495 608 2552 ratio
639 2494 992 2551 alterutrum
1037 2493 1298 2569 subiget,
1344 2492 1441 2549 vel
1485 2499 1801 2566 utrumque
1844 2490 2044 2562 fateri,

358 2578 440 2639 Se
476 2578 768 2638 didicisse
814 2588 977 2650 tuos,
1025 2586 1085 2634 te
1135 2577 1420 2636 docuisse
1467 2593 1634 2635 suos,

714 2747 813 2805 21.
900 2749 979 2805 In
1015 2749 1155 2803 Iani
1198 2746 1441 2803 Dousae
1478 2745 1665 2802 Echo.

272 2831 413 2891 Non
455 2832 593 2892 sola
634 2832 941 2890 Aonidum
983 2831 1384 2889 blandissima
1422 2831 1600 2888 turba
1639 2828 1930 2889 Sororum

356 2916 571 2978 Certat
614 2917 693 2974 ad
744 2916 1122 2991 obsequium,
1171 2916 1437 2973 maxime
1478 2915 1710 2987 Dousa,
1750 2923 1936 2973 tuum.

272 3004 461 3061 Addit
508 3022 579 3061 se
627 3003 932 3073 comitem,
975 3000 1353 3077 trepidisque
1399 3000 1748 3077 supervenit
1784 2998 1979 3069 Echo,

357 3086 505 3148 Sive
553 3088 708 3144 haec
751 3086 1020 3157 ambitio,
1062 3104 1172 3143 seu
1205 3085 1453 3161 pietatis
1501 3104 1679 3161 opus.

275 3171 421 3232 Sola
465 3173 580 3231 tibi
625 3172 933 3248 tacitoque
974 3178 1156 3241 tacet,
1198 3170 1572 3244 loquiturque
1610 3166 1908 3252 loquenti,

357 3259 457 3316 Ad
502 3258 735 3316 domini
777 3276 954 3316 voces
998 3262 1283 3331 prompta
1326 3255 1605 3312 ministra
1648 3255 1765 3326 sui,

274 3343 633 3402 Immortale
678 3343 869 3401 sacris
909 3341 1288 3417 respondens
1335 3355 1578 3396 carmen
1627 3340 1705 3395 ab
1751 3339 1962 3409 antriS,

359 3428 539 3504 Quae
587 3446 724 3485 cum
767 3427 973 3486 Pierio
1022 3426 1246 3484 struxit
1294 3424 1514 3500 Apollo
1555 3424 1764 3483 choro.

277 3512 444 3588 Quid
487 3533 610 3571 non
657 3514 949 3584 divinum,
994 3511 1137 3587 quid
1178 3530 1295 3568 non
1341 3509 1647 3567 laudabile
1688 3510 1857 3584 dicat,
