<?xml version="1.0" encoding="UTF-8"?>
<!DOCTYPE html PUBLIC "-//W3C//DTD XHTML 1.0 Transitional//EN"
    "http://www.w3.org/TR/xhtml1/DTD/xhtml1-transitional.dtd">
<html xmlns="http://www.w3.org/1999/xhtml" xml:lang="en" lang="en">
 <head>
  <title>
</title>
<meta http-equiv="Content-Type" content="text/html;charset=utf-8" />
  <meta name='ocr-system' content='tesseract 3.04.00' />
  <meta name='ocr-capabilities' content='ocr_page ocr_carea ocr_par ocr_line ocrx_word'/>
</head>
<body>
  <div class='ocr_page' id='page_1' title='image "./iosephiscaliger02scalgoog/iosephiscaliger02scalgoog_0390.png"; bbox 0 0 2452 4186; ppageno 0'>
   <div class='ocr_carea' id='block_1_1' title="bbox 1196 306 1323 367">
    <p class='ocr_par' dir='ltr' id='par_1_1' title="bbox 1196 306 1323 367">
     <span class='ocr_line' id='line_1_1' title="bbox 1196 306 1323 367; baseline 0 -1"><span class='ocrx_word' id='word_1_1' title='bbox 1196 306 1323 367; x_wconf 82' lang='lat'><strong>380</strong></span> 
     </span>
    </p>
   </div>
   <div class='ocr_carea' id='block_1_2' title="bbox 1106 394 1411 403">
    <p class='ocr_par' dir='ltr' id='par_1_2' title="bbox 1106 394 1411 403">
     <span class='ocr_line' id='line_1_2' title="bbox 1106 394 1411 403; baseline 0 0"><span class='ocrx_word' id='word_1_2' title='bbox 1106 394 1411 403; x_wconf 95' lang='lat' dir='ltr'><strong> </strong></span> 
     </span>
    </p>
   </div>
   <div class='ocr_carea' id='block_1_3' title="bbox 342 474 2105 982">
    <p class='ocr_par' dir='ltr' id='par_1_3' title="bbox 342 474 2105 982">
     <span class='ocr_line' id='line_1_3' title="bbox 344 474 2020 554; baseline 0 -19"><span class='ocrx_word' id='word_1_3' title='bbox 344 479 545 536; x_wconf 86' lang='lat' dir='ltr'><strong>Mater</strong></span> <span class='ocrx_word' id='word_1_4' title='bbox 585 476 987 554; x_wconf 74' lang='lat' dir='ltr'><strong>coeligenum,</strong></span> <span class='ocrx_word' id='word_1_5' title='bbox 1030 485 1223 535; x_wconf 83' lang='lat' dir='ltr'><strong>mater</strong></span> <span class='ocrx_word' id='word_1_6' title='bbox 1243 474 1611 540; x_wconf 65' lang='lat' dir='ltr'><strong>,mortalium</strong></span> <span class='ocrx_word' id='word_1_7' title='bbox 1653 474 2020 535; x_wconf 81' lang='lat' dir='ltr'><strong>homonum:</strong></span> 
     </span>
     <span class='ocr_line' id='line_1_4' title="bbox 343 558 2105 636; baseline 0 -15"><span class='ocrx_word' id='word_1_8' title='bbox 343 562 441 621; x_wconf 81' lang='lat' dir='ltr'><strong>Ex</strong></span> <span class='ocrx_word' id='word_1_9' title='bbox 480 569 540 619; x_wconf 86' lang='lat' dir='ltr'><strong>te</strong></span> <span class='ocrx_word' id='word_1_10' title='bbox 576 562 800 620; x_wconf 78' lang='lat' dir='ltr'><strong>etenim</strong></span> <span class='ocrx_word' id='word_1_11' title='bbox 846 561 1081 635; x_wconf 89' lang='lat' dir='ltr'><strong>Tellus,</strong></span> <span class='ocrx_word' id='word_1_12' title='bbox 1125 562 1425 636; x_wconf 86' lang='lat' dir='ltr'><strong>sedesque</strong></span> <span class='ocrx_word' id='word_1_13' title='bbox 1467 560 1803 635; x_wconf 77' lang='lat' dir='ltr'>superrima</span> <span class='ocrx_word' id='word_1_14' title='bbox 1854 558 2105 635; x_wconf 85' lang='lat' dir='ltr'><strong>Goelus,</strong></span> 
     </span>
     <span class='ocr_line' id='line_1_5' title="bbox 343 645 2024 723; baseline 0 -16"><span class='ocrx_word' id='word_1_15' title='bbox 343 648 425 707; x_wconf 86' lang='lat' dir='ltr'><strong>Et</strong></span> <span class='ocrx_word' id='word_1_16' title='bbox 461 665 628 704; x_wconf 90' lang='lat' dir='ltr'><strong>mare</strong></span> <span class='ocrx_word' id='word_1_17' title='bbox 670 646 920 719; x_wconf 84' lang='lat' dir='ltr'><strong>salsum,</strong></span> <span class='ocrx_word' id='word_1_18' title='bbox 969 666 1273 723; x_wconf 80' lang='lat' dir='ltr'><strong>auraeque</strong></span> <span class='ocrx_word' id='word_1_19' title='bbox 1321 664 1594 716; x_wconf 90' lang='lat' dir='ltr'><strong>errones,</strong></span> <span class='ocrx_word' id='word_1_20' title='bbox 1643 645 2024 707; x_wconf 73' lang='lat' dir='ltr'><strong>aeriformisz</strong></span> 
     </span>
     <span class='ocr_line' id='line_1_6' title="bbox 342 730 1864 809; baseline -0.001 -20"><span class='ocrx_word' id='word_1_21' title='bbox 342 731 548 804; x_wconf 83' lang='lat' dir='ltr'><strong>Quare</strong></span> <span class='ocrx_word' id='word_1_22' title='bbox 599 731 702 788; x_wconf 89' lang='lat' dir='ltr'><strong>dia</strong></span> <span class='ocrx_word' id='word_1_23' title='bbox 742 731 909 791; x_wconf 86' lang='lat' dir='ltr'><strong>adsis</strong></span> <span class='ocrx_word' id='word_1_24' title='bbox 951 734 1068 790; x_wconf 91' lang='lat' dir='ltr'><strong>huc</strong></span> <span class='ocrx_word' id='word_1_25' title='bbox 1112 750 1335 809; x_wconf 88' lang='lat' dir='ltr'><strong>sospes</strong></span> <span class='ocrx_word' id='word_1_26' title='bbox 1376 730 1623 789; x_wconf 90' lang='lat' dir='ltr'><strong>numine</strong></span> <span class='ocrx_word' id='word_1_27' title='bbox 1673 730 1864 802; x_wconf 89' lang='lat' dir='ltr'><strong>claro,</strong></span> 
     </span>
     <span class='ocr_line' id='line_1_7' title="bbox 345 816 1878 893; baseline -0.003 -17"><span class='ocrx_word' id='word_1_28' title='bbox 345 817 571 876; x_wconf 88' lang='lat' dir='ltr'><strong>Pacem</strong></span> <span class='ocrx_word' id='word_1_29' title='bbox 616 816 954 893; x_wconf 84' lang='lat' dir='ltr'><strong>producens</strong></span> <span class='ocrx_word' id='word_1_30' title='bbox 992 835 1124 875; x_wconf 91' lang='lat' dir='ltr'><strong>cum</strong></span> <span class='ocrx_word' id='word_1_31' title='bbox 1168 835 1370 875; x_wconf 89' lang='lat' dir='ltr'><strong>rerum</strong></span> <span class='ocrx_word' id='word_1_32' title='bbox 1409 816 1590 892; x_wconf 91' lang='lat' dir='ltr'><strong>copia</strong></span> <span class='ocrx_word' id='word_1_33' title='bbox 1632 816 1878 891; x_wconf 81' lang='lat' dir='ltr'><strong>opima,-</strong></span> 
     </span>
     <span class='ocr_line' id='line_1_8' title="bbox 347 897 1924 982; baseline -0.002 -21"><span class='ocrx_word' id='word_1_34' title='bbox 347 897 590 961; x_wconf 87' lang='lat' dir='ltr'><strong>Eminu&#39;</strong></span> <span class='ocrx_word' id='word_1_35' title='bbox 636 901 950 977; x_wconf 88' lang='lat' dir='ltr'><strong>protelans</strong></span> <span class='ocrx_word' id='word_1_36' title='bbox 996 911 1327 978; x_wconf 82' lang='lat' dir='ltr'><strong>pestesque</strong></span> <span class='ocrx_word' id='word_1_37' title='bbox 1372 900 1748 982; x_wconf 34' lang='lat' dir='ltr'><strong>piaculaque·</strong></span> <span class='ocrx_word' id='word_1_38' title='bbox 1773 909 1924 958; x_wconf 85' lang='lat' dir='ltr'><strong>atra.</strong></span> 
     </span>
    </p>
   </div>
   <div class='ocr_carea' id='block_1_4' title="bbox 347 1070 2185 2077">
    <p class='ocr_par' dir='ltr' id='par_1_4' title="bbox 357 1070 1648 1144">
     <span class='ocr_line' id='line_1_9' title="bbox 357 1070 1648 1144; baseline -0.001 -16"><span class='ocrx_word' id='word_1_39' title='bbox 357 1070 431 1128; x_wconf 78' lang='lat'><strong>14</strong></span> <span class='ocrx_word' id='word_1_40' title='bbox 868 1072 1027 1128; x_wconf 72' lang='lat' dir='ltr'><strong>Iovis</strong></span> <span class='ocrx_word' id='word_1_41' title='bbox 1067 1071 1353 1144; x_wconf 74' lang='lat' dir='ltr'><strong>suffimen,</strong></span> <span class='ocrx_word' id='word_1_42' title='bbox 1393 1080 1648 1128; x_wconf 77' lang='lat' dir='ltr'><strong>staraca.</strong></span> 
     </span>
    </p>

    <p class='ocr_par' dir='ltr' id='par_1_5' title="bbox 348 1150 1973 1231">
     <span class='ocr_line' id='line_1_10' title="bbox 348 1150 1973 1231; baseline -0.001 -16"><span class='ocrx_word' id='word_1_43' title='bbox 348 1155 406 1215; x_wconf 89' lang='lat' dir='ltr'>O</span> <span class='ocrx_word' id='word_1_44' title='bbox 453 1154 797 1212; x_wconf 81' lang='lat' dir='ltr'><strong>venerande</strong></span> <span class='ocrx_word' id='word_1_45' title='bbox 841 1154 1032 1226; x_wconf 87' lang='lat' dir='ltr'><strong>Iovis,</strong></span> <span class='ocrx_word' id='word_1_46' title='bbox 1074 1150 1222 1213; x_wconf 89' lang='lat' dir='ltr'><strong>Iovi’</strong></span> <span class='ocrx_word' id='word_1_47' title='bbox 1266 1155 1652 1231; x_wconf 80' lang='lat' dir='ltr'><strong>sempiterne,</strong></span> <span class='ocrx_word' id='word_1_48' title='bbox 1697 1154 1808 1212; x_wconf 90' lang='lat' dir='ltr'><strong>tibi</strong></span> <span class='ocrx_word' id='word_1_49' title='bbox 1850 1153 1973 1213; x_wconf 87' lang='lat' dir='ltr'><strong>ista</strong></span> 
     </span>
    </p>

    <p class='ocr_par' dir='ltr' id='par_1_6' title="bbox 350 1240 1808 1314">
     <span class='ocr_line' id='line_1_11' title="bbox 350 1240 1808 1314; baseline -0.003 -14"><span class='ocrx_word' id='word_1_50' title='bbox 350 1243 702 1300; x_wconf 84' lang='lat' dir='ltr'><strong>Averrunca</strong></span> <span class='ocrx_word' id='word_1_51' title='bbox 740 1240 955 1298; x_wconf 89' lang='lat' dir='ltr'><strong>damus</strong></span> <span class='ocrx_word' id='word_1_52' title='bbox 994 1257 1134 1310; x_wconf 85' lang='lat' dir='ltr'><strong>nos,</strong></span> <span class='ocrx_word' id='word_1_53' title='bbox 1181 1240 1602 1314; x_wconf 89' lang='lat' dir='ltr'><strong>adtestataque</strong></span> <span class='ocrx_word' id='word_1_54' title='bbox 1645 1246 1808 1297; x_wconf 86' lang='lat' dir='ltr'><strong>vota.</strong></span> 
     </span>
    </p>

    <p class='ocr_par' dir='ltr' id='par_1_7' title="bbox 353 1324 2016 1384">
     <span class='ocr_line' id='line_1_12' title="bbox 353 1324 2016 1384; baseline -0.001 0"><span class='ocrx_word' id='word_1_55' title='bbox 353 1325 406 1384; x_wconf 92' lang='lat' dir='ltr'>O</span> <span class='ocrx_word' id='word_1_56' title='bbox 452 1325 625 1383; x_wconf 83' lang='lat' dir='ltr'><strong>Iovis</strong></span> <span class='ocrx_word' id='word_1_57' title='bbox 673 1324 907 1382; x_wconf 82' lang='lat' dir='ltr'><strong>isthaec</strong></span> <span class='ocrx_word' id='word_1_58' title='bbox 951 1332 1167 1383; x_wconf 89' lang='lat' dir='ltr'><strong>cuncta</strong></span> <span class='ocrx_word' id='word_1_59' title='bbox 1209 1333 1311 1382; x_wconf 91' lang='lat' dir='ltr'><strong>tuo</strong></span> <span class='ocrx_word' id='word_1_60' title='bbox 1354 1333 1497 1384; x_wconf 87' lang='lat' dir='ltr'><strong>sunt</strong></span> <span class='ocrx_word' id='word_1_61' title='bbox 1540 1325 1786 1382; x_wconf 90' lang='lat' dir='ltr'><strong>numine</strong></span> <span class='ocrx_word' id='word_1_62' title='bbox 1831 1331 2016 1382; x_wconf 88' lang='lat' dir='ltr'><strong>creta.</strong></span> 
     </span>
    </p>

    <p class='ocr_par' dir='ltr' id='par_1_8' title="bbox 349 1408 2185 1484">
     <span class='ocr_line' id='line_1_13' title="bbox 349 1408 2185 1484; baseline 0.001 -17"><span class='ocrx_word' id='word_1_63' title='bbox 349 1409 543 1468; x_wconf 81' lang='lat' dir='ltr'><strong>Terra</strong></span> <span class='ocrx_word' id='word_1_64' title='bbox 584 1418 689 1466; x_wconf 88' lang='lat' dir='ltr'><strong>tua</strong></span> <span class='ocrx_word' id='word_1_65' title='bbox 725 1417 839 1482; x_wconf 88' lang='lat' dir='ltr'><strong>est,</strong></span> <span class='ocrx_word' id='word_1_66' title='bbox 886 1409 1232 1484; x_wconf 81' lang='lat' dir='ltr'><strong>Terraeque</strong></span> <span class='ocrx_word' id='word_1_67' title='bbox 1273 1410 1563 1467; x_wconf 90' lang='lat' dir='ltr'><strong>immania</strong></span> <span class='ocrx_word' id='word_1_68' title='bbox 1605 1408 1872 1466; x_wconf 84' lang='lat' dir='ltr'><strong>culmina</strong></span> <span class='ocrx_word' id='word_1_69' title='bbox 1911 1418 2185 1482; x_wconf 87' lang='lat' dir='ltr'><strong>montes,</strong></span> 
     </span>
    </p>

    <p class='ocr_par' dir='ltr' id='par_1_9' title="bbox 348 1495 1970 1570">
     <span class='ocr_line' id='line_1_14' title="bbox 348 1495 1970 1570; baseline -0.001 -18"><span class='ocrx_word' id='word_1_70' title='bbox 348 1496 428 1552; x_wconf 89' lang='lat' dir='ltr'><strong>Et</strong></span> <span class='ocrx_word' id='word_1_71' title='bbox 469 1514 657 1566; x_wconf 91' lang='lat' dir='ltr'><strong>mare,</strong></span> <span class='ocrx_word' id='word_1_72' title='bbox 700 1513 975 1570; x_wconf 89' lang='lat' dir='ltr'><strong>quaeque</strong></span> <span class='ocrx_word' id='word_1_73' title='bbox 1014 1495 1173 1552; x_wconf 90' lang='lat' dir='ltr'><strong>fretu</strong></span> <span class='ocrx_word' id='word_1_74' title='bbox 1211 1496 1379 1552; x_wconf 89' lang='lat' dir='ltr'><strong>aerio</strong></span> <span class='ocrx_word' id='word_1_75' title='bbox 1425 1495 1662 1553; x_wconf 84' lang='lat' dir='ltr'><strong>cortina</strong></span> <span class='ocrx_word' id='word_1_76' title='bbox 1703 1501 1970 1570; x_wconf 87' lang='lat' dir='ltr'><strong>recepta.</strong></span> 
     </span>
    </p>

    <p class='ocr_par' dir='ltr' id='par_1_10' title="bbox 348 1575 1995 1656">
     <span class='ocr_line' id='line_1_15' title="bbox 348 1575 1995 1656; baseline 0 -19"><span class='ocrx_word' id='word_1_77' title='bbox 348 1580 753 1656; x_wconf 89' lang='lat' dir='ltr'><strong>Induperans‚</strong></span> <span class='ocrx_word' id='word_1_78' title='bbox 802 1575 1133 1652; x_wconf 71' lang='lat' dir='ltr'><strong>Satum‘iu&#39;,</strong></span> <span class='ocrx_word' id='word_1_79' title='bbox 1167 1580 1463 1655; x_wconf 87' lang='lat' dir='ltr'><strong>Iuppiter,</strong></span> <span class='ocrx_word' id='word_1_80' title='bbox 1502 1580 1757 1651; x_wconf 89' lang='lat' dir='ltr'><strong>Elicius,</strong></span> <span class='ocrx_word' id='word_1_81' title='bbox 1802 1578 1995 1652; x_wconf 81' lang='lat' dir='ltr'><strong>Trux,</strong></span> 
     </span>
    </p>

    <p class='ocr_par' dir='ltr' id='par_1_11' title="bbox 351 1664 2183 1807">
     <span class='ocr_line' id='line_1_16' title="bbox 351 1664 2183 1742; baseline 0.001 -18"><span class='ocrx_word' id='word_1_82' title='bbox 351 1665 800 1742; x_wconf 86' lang='lat' dir='ltr'><strong>Omnigenens,</strong></span> <span class='ocrx_word' id='word_1_83' title='bbox 870 1673 1050 1739; x_wconf 86' lang='lat' dir='ltr'><strong>atque</strong></span> <span class='ocrx_word' id='word_1_84' title='bbox 1119 1666 1388 1723; x_wconf 90' lang='lat' dir='ltr'><strong>omnium</strong></span> <span class='ocrx_word' id='word_1_85' title='bbox 1461 1664 1855 1740; x_wconf 88' lang='lat' dir='ltr'><strong>principium,</strong></span> <span class='ocrx_word' id='word_1_86' title='bbox 1930 1666 2183 1725; x_wconf 78' lang='lat' dir='ltr'><strong>exitium</strong></span> 
     </span>
     <span class='ocr_line' id='line_1_17' title="bbox 1571 1768 1855 1807; baseline -0.007 0"><span class='ocrx_word' id='word_1_87' title='bbox 1571 1768 1855 1807; x_wconf 79' lang='lat' dir='ltr'><strong>omnium.</strong></span> 
     </span>
    </p>

    <p class='ocr_par' dir='ltr' id='par_1_12' title="bbox 350 1829 1998 1912">
     <span class='ocr_line' id='line_1_18' title="bbox 350 1829 1998 1912; baseline 0.001 -21"><span class='ocrx_word' id='word_1_88' title='bbox 350 1831 721 1909; x_wconf 86' lang='lat' dir='ltr'><strong>Fulgetrum,</strong></span> <span class='ocrx_word' id='word_1_89' title='bbox 765 1833 1013 1906; x_wconf 87' lang='lat' dir='ltr'><strong>tonitru,</strong></span> <span class='ocrx_word' id='word_1_90' title='bbox 1059 1832 1282 1910; x_wconf 85' lang='lat' dir='ltr'><strong>fulgur,</strong></span> <span class='ocrx_word' id='word_1_91' title='bbox 1326 1829 1478 1891; x_wconf 85' lang='lat' dir='ltr'><strong>Iovi’</strong></span> <span class='ocrx_word' id='word_1_92' title='bbox 1524 1841 1998 1912; x_wconf 73' lang='lat' dir='ltr'><strong>progenerat013</strong></span> 
     </span>
    </p>

    <p class='ocr_par' dir='ltr' id='par_1_13' title="bbox 347 1917 1882 1995">
     <span class='ocr_line' id='line_1_19' title="bbox 347 1917 1882 1995; baseline 0.001 -20"><span class='ocrx_word' id='word_1_93' title='bbox 347 1917 510 1975; x_wconf 89' lang='lat' dir='ltr'><strong>Audi</strong></span> <span class='ocrx_word' id='word_1_94' title='bbox 546 1936 641 1974; x_wconf 92' lang='lat' dir='ltr'><strong>me</strong></span> <span class='ocrx_word' id='word_1_95' title='bbox 685 1918 994 1989; x_wconf 76' lang='lat' dir='ltr'><strong>Volturno,</strong></span> <span class='ocrx_word' id='word_1_96' title='bbox 1045 1926 1106 1976; x_wconf 90' lang='lat' dir='ltr'><strong>et</strong></span> <span class='ocrx_word' id='word_1_97' title='bbox 1149 1918 1228 1974; x_wconf 91' lang='lat' dir='ltr'><strong>da</strong></span> <span class='ocrx_word' id='word_1_98' title='bbox 1271 1929 1569 1995; x_wconf 81' lang='lat' dir='ltr'><strong>usurpare</strong></span> <span class='ocrx_word' id='word_1_99' title='bbox 1603 1918 1882 1990; x_wconf 86' lang='lat' dir='ltr'><strong>salutem,</strong></span> 
     </span>
    </p>

    <p class='ocr_par' dir='ltr' id='par_1_14' title="bbox 349 2002 1890 2077">
     <span class='ocr_line' id='line_1_20' title="bbox 349 2002 1890 2077; baseline 0 -16"><span class='ocrx_word' id='word_1_100' title='bbox 349 2002 429 2061; x_wconf 89' lang='lat' dir='ltr'><strong>Et</strong></span> <span class='ocrx_word' id='word_1_101' title='bbox 467 2020 672 2077; x_wconf 90' lang='lat' dir='ltr'><strong>pacem</strong></span> <span class='ocrx_word' id='word_1_102' title='bbox 722 2002 903 2073; x_wconf 88' lang='lat' dir='ltr'><strong>diam,</strong></span> <span class='ocrx_word' id='word_1_103' title='bbox 949 2011 1008 2060; x_wconf 89' lang='lat' dir='ltr'><strong>et</strong></span> <span class='ocrx_word' id='word_1_104' title='bbox 1041 2004 1207 2060; x_wconf 91' lang='lat' dir='ltr'><strong>bona</strong></span> <span class='ocrx_word' id='word_1_105' title='bbox 1257 2003 1483 2061; x_wconf 89' lang='lat' dir='ltr'><strong>adorea</strong></span> <span class='ocrx_word' id='word_1_106' title='bbox 1527 2003 1890 2061; x_wconf 89' lang='lat' dir='ltr'><strong>divitiarum.</strong></span> 
     </span>
    </p>
   </div>
   <div class='ocr_carea' id='block_1_5' title="bbox 351 2170 1949 2590">
    <p class='ocr_par' dir='ltr' id='par_1_15' title="bbox 351 2170 1722 2330">
     <span class='ocr_line' id='line_1_21' title="bbox 358 2170 1722 2247; baseline 0.002 -20"><span class='ocrx_word' id='word_1_107' title='bbox 358 2170 431 2227; x_wconf 87' lang='lat'><strong>15</strong></span> <span class='ocrx_word' id='word_1_108' title='bbox 823 2174 1066 2229; x_wconf 76' lang='lat' dir='ltr'><strong>Iunonis</strong></span> <span class='ocrx_word' id='word_1_109' title='bbox 1109 2173 1389 2247; x_wconf 77' lang='lat' dir='ltr'><strong>suffimen,</strong></span> <span class='ocrx_word' id='word_1_110' title='bbox 1438 2183 1722 2231; x_wconf 84' lang='lat' dir='ltr'><strong>aromata.</strong></span> 
     </span>
     <span class='ocr_line' id='line_1_22' title="bbox 351 2253 1676 2330; baseline 0.002 -16"><span class='ocrx_word' id='word_1_111' title='bbox 351 2253 668 2315; x_wconf 84' lang='lat' dir='ltr'><strong>Caeruleis</strong></span> <span class='ocrx_word' id='word_1_112' title='bbox 714 2256 928 2314; x_wconf 87' lang='lat' dir='ltr'><strong>innixa</strong></span> <span class='ocrx_word' id='word_1_113' title='bbox 974 2256 1269 2316; x_wconf 88' lang='lat' dir='ltr'><strong>sedilibus</strong></span> <span class='ocrx_word' id='word_1_114' title='bbox 1309 2258 1676 2330; x_wconf 86' lang='lat' dir='ltr'><strong>aeriformis,</strong></span> 
     </span>
    </p>

    <p class='ocr_par' dir='ltr' id='par_1_16' title="bbox 352 2340 1949 2590">
     <span class='ocr_line' id='line_1_23' title="bbox 352 2340 1735 2418; baseline 0 -18"><span class='ocrx_word' id='word_1_115' title='bbox 352 2340 407 2400; x_wconf 92' lang='lat' dir='ltr'>O</span> <span class='ocrx_word' id='word_1_116' title='bbox 453 2341 609 2399; x_wconf 90' lang='lat' dir='ltr'><strong>Iuno</strong></span> <span class='ocrx_word' id='word_1_117' title='bbox 650 2342 881 2418; x_wconf 87' lang='lat' dir='ltr'><strong>regina,</strong></span> <span class='ocrx_word' id='word_1_118' title='bbox 921 2342 1089 2401; x_wconf 85' lang='lat' dir='ltr'><strong>Iovis</strong></span> <span class='ocrx_word' id='word_1_119' title='bbox 1141 2342 1444 2401; x_wconf 86' lang='lat' dir='ltr'><strong>ditissima</strong></span> <span class='ocrx_word' id='word_1_120' title='bbox 1486 2344 1735 2415; x_wconf 81' lang='lat' dir='ltr'><strong>coniux,</strong></span> 
     </span>
     <span class='ocr_line' id='line_1_24' title="bbox 354 2425 1949 2504; baseline 0.003 -22"><span class='ocrx_word' id='word_1_121' title='bbox 354 2425 528 2499; x_wconf 85' lang='lat' dir='ltr'><strong>Quae</strong></span> <span class='ocrx_word' id='word_1_122' title='bbox 567 2427 846 2484; x_wconf 86' lang='lat' dir='ltr'><strong>mortalia</strong></span> <span class='ocrx_word' id='word_1_123' title='bbox 890 2427 1077 2487; x_wconf 87' lang='lat' dir='ltr'><strong>corda</strong></span> <span class='ocrx_word' id='word_1_124' title='bbox 1118 2447 1306 2504; x_wconf 85' lang='lat' dir='ltr'><strong>veges</strong></span> <span class='ocrx_word' id='word_1_125' title='bbox 1353 2428 1717 2487; x_wconf 85' lang='lat' dir='ltr'><strong>animalibus</strong></span> <span class='ocrx_word' id='word_1_126' title='bbox 1763 2428 1949 2487; x_wconf 76' lang='lat' dir='ltr'><strong>auriS.</strong></span> 
     </span>
     <span class='ocr_line' id='line_1_25' title="bbox 352 2509 1936 2590; baseline 0.003 -22"><span class='ocrx_word' id='word_1_127' title='bbox 352 2509 710 2568; x_wconf 88' lang='lat' dir='ltr'><strong>Nimborum</strong></span> <span class='ocrx_word' id='word_1_128' title='bbox 754 2520 968 2584; x_wconf 88' lang='lat' dir='ltr'><strong>mater,</strong></span> <span class='ocrx_word' id='word_1_129' title='bbox 1015 2521 1451 2588; x_wconf 84' lang='lat' dir='ltr'><strong>ventorumque</strong></span> <span class='ocrx_word' id='word_1_130' title='bbox 1491 2513 1936 2590; x_wconf 85' lang='lat' dir='ltr'><strong>omnigenitrix.</strong></span> 
     </span>
    </p>
   </div>
   <div class='ocr_carea' id='block_1_6' title="bbox 250 2593 1925 2675">
    <p class='ocr_par' dir='ltr' id='par_1_17' title="bbox 250 2593 1925 2675">
     <span class='ocr_line' id='line_1_26' title="bbox 250 2593 1925 2675; baseline 0.002 -22"><span class='ocrx_word' id='word_1_131' title='bbox 250 2626 256 2636; x_wconf 90' lang='lat'>·</span> <span class='ocrx_word' id='word_1_132' title='bbox 349 2593 512 2653; x_wconf 85' lang='lat' dir='ltr'><strong>Nam</strong></span> <span class='ocrx_word' id='word_1_133' title='bbox 560 2599 694 2655; x_wconf 90' lang='lat' dir='ltr'><strong>sine</strong></span> <span class='ocrx_word' id='word_1_134' title='bbox 736 2608 797 2654; x_wconf 90' lang='lat' dir='ltr'><strong>te</strong></span> <span class='ocrx_word' id='word_1_135' title='bbox 836 2617 961 2655; x_wconf 88' lang='lat' dir='ltr'><strong>non</strong></span> <span class='ocrx_word' id='word_1_136' title='bbox 1008 2606 1103 2657; x_wconf 90' lang='lat' dir='ltr'><strong>est</strong></span> <span class='ocrx_word' id='word_1_137' title='bbox 1144 2598 1306 2656; x_wconf 85' lang='lat' dir='ltr'><strong>vitae</strong></span> <span class='ocrx_word' id='word_1_138' title='bbox 1353 2598 1663 2675; x_wconf 88' lang='lat' dir='ltr'><strong>spirabilis</strong></span> <span class='ocrx_word' id='word_1_139' title='bbox 1711 2599 1925 2658; x_wconf 82' lang='lat' dir='ltr'><strong>ardor:</strong></span> 
     </span>
    </p>
   </div>
   <div class='ocr_carea' id='block_1_7' title="bbox 349 2679 2100 3014">
    <p class='ocr_par' dir='ltr' id='par_1_18' title="bbox 349 2679 2100 2932">
     <span class='ocr_line' id='line_1_27' title="bbox 353 2679 1953 2760; baseline 0.003 -21"><span class='ocrx_word' id='word_1_140' title='bbox 353 2679 639 2739; x_wconf 89' lang='lat' dir='ltr'><strong>Omnibu&#39;</strong></span> <span class='ocrx_word' id='word_1_141' title='bbox 681 2683 1017 2759; x_wconf 84' lang='lat' dir='ltr'><strong>participas</strong></span> <span class='ocrx_word' id='word_1_142' title='bbox 1059 2683 1335 2742; x_wconf 89' lang='lat' dir='ltr'><strong>immissa</strong></span> <span class='ocrx_word' id='word_1_143' title='bbox 1384 2680 1716 2760; x_wconf 89' lang='lat' dir='ltr'><strong>potentibu&#39;</strong></span> <span class='ocrx_word' id='word_1_144' title='bbox 1765 2684 1953 2757; x_wconf 87' lang='lat' dir='ltr'><strong>auris,</strong></span> 
     </span>
     <span class='ocr_line' id='line_1_28' title="bbox 353 2765 2100 2847; baseline 0.003 -22"><span class='ocrx_word' id='word_1_145' title='bbox 353 2765 579 2825; x_wconf 88' lang='lat' dir='ltr'><strong>Omnia</strong></span> <span class='ocrx_word' id='word_1_146' title='bbox 624 2766 755 2825; x_wconf 90' lang='lat' dir='ltr'><strong>sola</strong></span> <span class='ocrx_word' id='word_1_147' title='bbox 799 2776 995 2841; x_wconf 89' lang='lat' dir='ltr'><strong>tenes,</strong></span> <span class='ocrx_word' id='word_1_148' title='bbox 1041 2776 1220 2842; x_wconf 89' lang='lat' dir='ltr'><strong>atque</strong></span> <span class='ocrx_word' id='word_1_149' title='bbox 1268 2770 1547 2827; x_wconf 89' lang='lat' dir='ltr'><strong>omnibus</strong></span> <span class='ocrx_word' id='word_1_150' title='bbox 1584 2768 1810 2826; x_wconf 87' lang='lat' dir='ltr'><strong>incluta</strong></span> <span class='ocrx_word' id='word_1_151' title='bbox 1851 2789 2100 2847; x_wconf 88' lang='lat' dir='ltr'><strong>regnas.</strong></span> 
     </span>
     <span class='ocr_line' id='line_1_29' title="bbox 349 2850 1750 2932; baseline 0 -23"><span class='ocrx_word' id='word_1_152' title='bbox 349 2850 516 2909; x_wconf 87' lang='lat' dir='ltr'><strong>Aeri’</strong></span> <span class='ocrx_word' id='word_1_153' title='bbox 555 2853 963 2928; x_wconf 89' lang='lat' dir='ltr'><strong>praecipitans</strong></span> <span class='ocrx_word' id='word_1_154' title='bbox 1003 2853 1264 2911; x_wconf 87' lang='lat' dir='ltr'><strong>stridore</strong></span> <span class='ocrx_word' id='word_1_155' title='bbox 1305 2853 1534 2932; x_wconf 82' lang='lat' dir='ltr'><strong>fluonia</strong></span> <span class='ocrx_word' id='word_1_156' title='bbox 1576 2854 1750 2910; x_wconf 89' lang='lat' dir='ltr'><strong>Iuno.</strong></span> 
     </span>
    </p>

    <p class='ocr_par' dir='ltr' id='par_1_19' title="bbox 352 2933 1911 3014">
     <span class='ocr_line' id='line_1_30' title="bbox 352 2933 1911 3014; baseline 0.001 -19"><span class='ocrx_word' id='word_1_157' title='bbox 352 2933 476 2995; x_wconf 87' lang='lat' dir='ltr'><strong>Sed</strong></span> <span class='ocrx_word' id='word_1_158' title='bbox 517 2944 577 2993; x_wconf 88' lang='lat' dir='ltr'><strong>te</strong></span> <span class='ocrx_word' id='word_1_159' title='bbox 621 2937 784 2997; x_wconf 84' lang='lat' dir='ltr'><strong>Diva</strong></span> <span class='ocrx_word' id='word_1_160' title='bbox 824 2956 1048 3014; x_wconf 86' lang='lat' dir='ltr'><strong>parens</strong></span> <span class='ocrx_word' id='word_1_161' title='bbox 1093 2939 1389 3010; x_wconf 84' lang='lat' dir='ltr'><strong>obtestor,</strong></span> <span class='ocrx_word' id='word_1_162' title='bbox 1438 2939 1685 3009; x_wconf 88' lang='lat' dir='ltr'><strong>adorea,</strong></span> <span class='ocrx_word' id='word_1_163' title='bbox 1726 2939 1911 3011; x_wconf 90' lang='lat' dir='ltr'><strong>Maia,</strong></span> 
     </span>
    </p>
   </div>
   <div class='ocr_carea' id='block_1_8' title="bbox 260 3019 1709 3100">
    <p class='ocr_par' dir='ltr' id='par_1_20' title="bbox 260 3019 1709 3100">
     <span class='ocr_line' id='line_1_31' title="bbox 260 3019 1709 3100; baseline -0.002 -17"><span class='ocrx_word' id='word_1_164' title='bbox 260 3080 263 3083; x_wconf 72' lang='grc'>,</span> <span class='ocrx_word' id='word_1_165' title='bbox 349 3019 490 3078; x_wconf 87' lang='lat' dir='ltr'><strong>Huc</strong></span> <span class='ocrx_word' id='word_1_166' title='bbox 529 3022 714 3080; x_wconf 90' lang='lat' dir='ltr'><strong>sodes</strong></span> <span class='ocrx_word' id='word_1_167' title='bbox 759 3023 971 3081; x_wconf 84' lang='lat' dir='ltr'><strong>venias</strong></span> <span class='ocrx_word' id='word_1_168' title='bbox 1015 3022 1164 3080; x_wconf 88' lang='lat' dir='ltr'><strong>volti</strong></span> <span class='ocrx_word' id='word_1_169' title='bbox 1205 3023 1442 3081; x_wconf 88' lang='lat' dir='ltr'><strong>ridente</strong></span> <span class='ocrx_word' id='word_1_170' title='bbox 1487 3024 1709 3100; x_wconf 78' lang='lat' dir='ltr'><strong>lepore.</strong></span> 
     </span>
    </p>
   </div>
   <div class='ocr_carea' id='block_1_9' title="bbox 350 3189 2186 3611">
    <p class='ocr_par' dir='ltr' id='par_1_21' title="bbox 361 3189 1682 3267">
     <span class='ocr_line' id='line_1_32' title="bbox 361 3189 1682 3267; baseline 0.003 -20"><span class='ocrx_word' id='word_1_171' title='bbox 361 3189 438 3247; x_wconf 89' lang='grc'><strong>16</strong></span> <span class='ocrx_word' id='word_1_172' title='bbox 822 3192 1089 3267; x_wconf 77' lang='lat' dir='ltr'><strong>Neptuni</strong></span> <span class='ocrx_word' id='word_1_173' title='bbox 1137 3193 1420 3266; x_wconf 76' lang='lat' dir='ltr'><strong>suffimen,</strong></span> <span class='ocrx_word' id='word_1_174' title='bbox 1467 3212 1682 3251; x_wconf 75' lang='lat' dir='ltr'><strong>murra.</strong></span> 
     </span>
    </p>

    <p class='ocr_par' dir='ltr' id='par_1_22' title="bbox 351 3273 1773 3354">
     <span class='ocr_line' id='line_1_33' title="bbox 351 3273 1773 3354; baseline 0.003 -23"><span class='ocrx_word' id='word_1_175' title='bbox 351 3274 513 3332; x_wconf 90' lang='lat' dir='ltr'><strong>Audi</strong></span> <span class='ocrx_word' id='word_1_176' title='bbox 550 3273 861 3351; x_wconf 87' lang='lat' dir='ltr'><strong>Neptune,</strong></span> <span class='ocrx_word' id='word_1_177' title='bbox 906 3277 1317 3349; x_wconf 79' lang='lat' dir='ltr'><strong>Ambarvalis,</strong></span> <span class='ocrx_word' id='word_1_178' title='bbox 1362 3276 1773 3354; x_wconf 87' lang='lat' dir='ltr'><strong>Salsicapille,</strong></span> 
     </span>
    </p>

    <p class='ocr_par' dir='ltr' id='par_1_23' title="bbox 351 3356 2186 3518">
     <span class='ocr_line' id='line_1_34' title="bbox 351 3356 2186 3439; baseline 0.003 -23"><span class='ocrx_word' id='word_1_179' title='bbox 351 3356 674 3432; x_wconf 81' lang='lat' dir='ltr'><strong>Trossule,</strong></span> <span class='ocrx_word' id='word_1_180' title='bbox 688 3361 990 3419; x_wconf 73' lang='lat' dir='ltr'><strong>fuscinam</strong></span> <span class='ocrx_word' id='word_1_181' title='bbox 1002 3362 1235 3420; x_wconf 88' lang='lat' dir='ltr'><strong>habens</strong></span> <span class='ocrx_word' id='word_1_182' title='bbox 1250 3363 1527 3421; x_wconf 86' lang='lat' dir='ltr'><strong>manibus</strong></span> <span class='ocrx_word' id='word_1_183' title='bbox 1541 3362 1829 3439; x_wconf 85' lang='lat' dir='ltr'><strong>Neptune</strong></span> <span class='ocrx_word' id='word_1_184' title='bbox 1843 3362 2186 3422; x_wconf 86' lang='lat' dir='ltr'><strong>tridentem:</strong></span> 
     </span>
     <span class='ocr_line' id='line_1_35' title="bbox 353 3443 1929 3518; baseline 0.001 -15"><span class='ocrx_word' id='word_1_185' title='bbox 353 3443 617 3503; x_wconf 86' lang='lat' dir='ltr'><strong>Caerula</strong></span> <span class='ocrx_word' id='word_1_186' title='bbox 654 3445 1088 3507; x_wconf 85' lang='lat' dir='ltr'><strong>concelebrans</strong></span> <span class='ocrx_word' id='word_1_187' title='bbox 1134 3449 1291 3506; x_wconf 86' lang='lat' dir='ltr'><strong>vasti</strong></span> <span class='ocrx_word' id='word_1_188' title='bbox 1334 3449 1688 3506; x_wconf 85' lang='lat' dir='ltr'><strong>fundamina</strong></span> <span class='ocrx_word' id='word_1_189' title='bbox 1726 3447 1929 3518; x_wconf 87' lang='lat' dir='ltr'><strong>Ponti,</strong></span> 
     </span>
    </p>

    <p class='ocr_par' dir='ltr' id='par_1_24' title="bbox 350 3529 2146 3611">
     <span class='ocr_line' id='line_1_36' title="bbox 350 3529 2146 3611; baseline 0.002 -25"><span class='ocrx_word' id='word_1_190' title='bbox 350 3529 538 3587; x_wconf 87' lang='lat' dir='ltr'><strong>Ponti</strong></span> <span class='ocrx_word' id='word_1_191' title='bbox 578 3538 841 3604; x_wconf 78' lang='lat' dir='ltr'><strong>praetor,</strong></span> <span class='ocrx_word' id='word_1_192' title='bbox 889 3533 1262 3611; x_wconf 83' lang='lat' dir='ltr'><strong>aquigrume,</strong></span> <span class='ocrx_word' id='word_1_193' title='bbox 1303 3552 1505 3611; x_wconf 83' lang='lat' dir='ltr'><strong>crepe,</strong></span> <span class='ocrx_word' id='word_1_194' title='bbox 1552 3533 1939 3609; x_wconf 87' lang='lat' dir='ltr'><strong>Terripreme</strong></span> <span class='ocrx_word' id='word_1_195' title='bbox 1983 3551 2146 3603; x_wconf 85' lang='lat' dir='ltr'><strong>acer,</strong></span> 
     </span>
    </p>
   </div>
  </div>
 </body>
</html>
